2910 4650
619 314 843 378 -71-

145 567 149 572 .
230 511 393 573 Postremo
427 510 460 571 in
493 511 647 590 amphora
681 510 758 571 olim
798 505 1007 588 Candelorii¹)
1042 511 1165 573 similis·
1193 512 1318 591 pictura

142 617 240 679 fuisse
263 617 398 679 videtur.
1244 687 1246 690 ,
1284 685 1286 688 Α

231 724 319 796 Quae
341 743 417 787 vasa
440 723 550 785 omnia
572 724 614 785 ad
637 725 793 803 posterius
817 744 965 786 vasorum
990 724 1076 786 atris·
1089 725 1198 803 figuris
1228 745 1315 787 orna-

141 835 248 892 torum
266 818 370 909 'genus
394 831 549 910 pertinere
572 830 729 892 videntur.

174 1008 176 1011 ¹
230 939 270 998 X.
280 939 457 1000 Amazones
469 957 567 1016 equos
578 937 619 998 ad
631 957 759 998 currum
774 937 1175 1016 iungentesproiectionem
1191 944 1314 1017 parant,

202 1081 210 1117 ·.
224 1043 355 1123 ⁸Hydria
365 1043 490 1106 Virceb.
510 1037 614 1121 126²),
638 1043 715 1106 atris
731 1044 839 1122 figuris
855 1043 1036 1124 posterioris
1051 1044 1173 1122 generis
1189 1050 1314 1114 ornata:

141 1149 174 1210 in
197 1169 327 1212 currum
349 1150 392 1212 ad
407 1149 552 1222 dextram
575 1169 701 1212 versum
726 1152 868 1211 Amazon
883 1149 1002 1226 tunica,
1020 1151 1198 1231 chlamyde,
1221 1151 1317 1213 mitra

141 1257 256 1318 vestita
284 1261 316 1318 et
344 1258 514 1319 stimulum
551 1258 680 1337 luraque
716 1260 827 1318 tenens
862 1257 1013 1319 ascendit.
1061 1259 1132 1320 Duo
1167 1259 1240 1338 equi
1275 1259 1316 1325 ad

141 1384 215 1424 eum
239 1364 306 1425 iam
329 1364 430 1426 iuncti
454 1370 538 1440 sunt,
563 1364 690 1426 tortium
728 1364 859 1426 adducit
894 1365 992 1426 altera
1026 1367 1168 1426 Amazon
1203 1365 1315 1440 bracis,

139 1475 226 1532 veste
250 1471 425 1546 manicata,
450 1491 544 1551 super
579 1491 675 1551 quarn
711 1472 854 1533 tunicam
888 1471 995 1546 habet,
1020 1472 1124 1547 mitra,
1149 1473 1250 1547 hasta,
1280 1479 1316 1535 ut

138 1576 276 1651 videtur,
300 1578 453 1657 praedita,
479 1594 560 1658 quae
594 1578 636 1639 ad
670 1578 814 1640 dextram
850 1578 1056 1657 progreditur.
1115 1578 1214 1658 Prope
1244 1600 1315 1640 eam

137 1684 232 1744 tertia
254 1684 349 1763 longa
372 1686 497 1766 aurigae
520 1686 630 1747 tunica
657 1691 688 1746 et
722 1685 817 1746 mitra
839 1685 995 1746 instructa
1032 1690 1063 1745 ot
1100 1685 1140 1746 ad
1170 1685 1314 1747 dextram

137 1810 229 1852 versa
251 1791 342 1852 iuxta
364 1812 462 1871 equos
485 1796 561 1863 stat3
598 1792 712 1853 deinde
747 1797 858 1870 quarta
882 1791 1115 1869 sagittariorum
1131 1791 1165 1851 in
1182 1792 1314 1854 modum

138 1903 264 1958 armata
287 1900 318 1958 et
341 1898 382 1960 ad
410 1898 571 1960 sinistram
610 1919 700 1961 versa
737 1899 778 1959 ad
817 1898 964 1964 dextram
1003 1897 1227 1977 circumspicit.
1276 1899 1314 1958 in

138 2003 268 2065 sinistra
290 2005 433 2083 picturae
455 2009 545 2086 parte
568 2013 640 2084 post
663 2025 791 2066 currum
815 2005 927 2084 quinta
950 2005 1062 2066 eodem
1086 2004 1182 2067 modo
1201 2006 1316 2068 vestita

138 2110 182 2171 ad
206 2109 352 2171 dextram
376 2111 579 2191 progrediens
601 2113 743 2191 respicit3
769 2112 879 2174 dextra
914 2132 1013 2173 manu
1048 2112 1182 2173 securim
1217 2117 1312 2187 tenet,

137 2215 304 2278 sinistram
328 2218 419 2296 quasi
442 2218 663 2298 obstupefacta
686 2219 778 2280 tollit.

230 2323 288 2384 XI.
312 2324 456 2399 Amazon
478 2325 512 2385 in
536 2345 629 2386 curru
653 2330 722 2388 stat.

231 2431 395 2510 Amphora
432 2433 534 2493 Berol.
574 2430 670 2504 3995,
710 2432 786 2492 atris
822 2431 930 2509 figuris
968 2430 1149 2510 posterioris
1192 2432 1314 2509 generis

139 2542 265 2598 ornata:
291 2558 388 2617 propo
423 2558 520 2617 equos
558 2543 606 2599 est
633 2538 753 2617 palma3
793 2537 833 2598 de
871 2538 969 2599 altero
1008 2537 1076 2599 eius
1110 2538 1207 2600 latere
1241 2539 1314 2601 vide

139 2644 233 2718 infra,
259 2665 290 2724 p.
317 2643 368 2706 75.
1307 2703 1309 2707 .

229 2748 416 2830 *Amphora
439 2751 515 2812 rufis
539 2752 647 2828 figuris
670 2755 782 2812 ornata
804 2749 882 2812 olim
905 2750 1059 2829 principis
1088 2750 1209 2812 Canino
1233 2747 1312 2814 582:

139 2859 282 2918 Amazon
305 2858 339 2918 in
363 2877 456 2919 curru
480 2862 568 2918 stans
591 2878 665 2919 cum
689 2857 793 2918 amica
815 2857 954 2936 pedestri
977 2856 1132 2936 loquitur;
1159 2857 1198 2920 de
1216 2858 1314 2920 altero

138 2964 236 3026 latere
259 2963 331 3026 vide
354 2964 447 3039 inira,
471 2986 502 3044 p.
529 2963 580 3026 73.
969 3032 971 3036 ,

229 3071 305 3132 ΧΠ.
321 3073 507 3133 ¹Amazones
530 3092 624 3133 curru
647 3072 681 3133 in
705 3091 846 3153 pugnam
869 3072 1038 3133 vehuntur.

230 3179 314 3241 Vasa
336 3177 433 3256 nigris
457 3178 565 3255 figuris
589 3179 769 3257 posterioris
792 3179 913 3258 generis
937 3183 1079 3239 ornata:.

229 3285 395 3365 Amphora
417 3285 540 3345 Monac.
566 3284 621 3346 88:
647 3307 745 3365 equos
767 3287 846 3365 regit
861 3286 1013 3359 Amazon,
1031 3285 1122 3347 cuius
1145 3284 1265 3364 clipeus
1280 3284 1315 3347 in

139 3396 227 3470 tergo
250 3396 311 3464 cst;
329 3391 460 3470 virgam,
485 3397 522 3453 ut
545 3392 662 3471 auriga,
687 3393 797 3466 habet3
838 3393 877 3454 do
901 3393 999 3454 altero
1014 3391 1098 3453 vasis
1121 3391 1218 3452 latere
1240 3389 1314 3453 vide

139 3517 245 3578 supra,
270 3519 301 3577 p.
328 3497 379 3560 63.

213 3727 235 3792 ¹.)
253 3723 384 3792 Gerhard,
402 3725 543 3795 Rapporto
562 3725 698 3792 Volcente,
717 3725 734 3779 l.
753 3723 770 3778 l.

209 3812 235 3883 ¹¹)
255 3812 386 3880 Gerhard,
413 3813 517 3869 Auserl.
538 3814 662 3881 Vasenb,
691 3814 723 3881 ll,
752 3814 806 3869 tab.
837 3814 900 3881 1023
928 3813 1097 3883 (lampunen,
1116 3814 1134 3868 l.
1153 3814 1180 3882 l.,
1199 3830 1243 3869 no.
1263 3811 1314 3881 933

139 3901 229 3971 Klein,
251 3901 357 3958 Griech.
376 3902 466 3958 Vasen
485 3904 533 3957 mit
551 3903 825 3973 Meistersignaturen,
845 3919 871 3972 p.
894 3903 951 3967 108,
970 3918 1014 3959 no.
1034 3903 1063 3968 33
1092 3901 1178 3970 Klein,
1204 3900 1311 3958 Griech.

140 3991 229 4047 Vasen
248 3991 297 4046 mit
316 3991 561 4061 Lieblingsinsohr,
579 4010 606 4063 p.
617 3994 660 4047 29.
690 3992 790 4048 Similis
809 3991 914 4061 pictura
932 3991 966 4045 ad
985 3990 1056 4046 viros
1070 3993 1197 4060 spectans
1210 3991 1236 4046 in
1250 4007 1314 4046 vaso

140 4079 226 4136 Borol.
248 4081 315 4135 1897
336 4078 477 4148 (Gerhard,
496 4081 514 4135 l.
533 4080 560 4149 l,
580 4081 623 4149 IV,
642 4082 716 4137 tabl).
736 4082 797 4147 249,
817 4082 880 4146 250)
899 4082 949 4135 est.
