2910 4650
590 309 833 373 -101-

127 502 256 591 Ἡσιόνην
285 501 392 566 ἔσωσε.
433 503 476 590 μή
502 503 687 588 βουλομένου
716 504 751 568 δέ
779 503 829 566 τδν
847 503 953 587 μισθόν
976 502 1151 577 ἀποδοῦναι,
1176 501 1300 589 πολεμή-

128 635 188 675 σειν
222 609 328 696 Τροίαν
351 609 513 696 ἀπειλήσας
533 611 658 698 ἀνήχθη.

218 719 365 800 Apollod.
391 720 434 795 ΙΙ,
459 717 489 793 6,
515 721 550 783 4:
581 755 623 762 -
647 755 689 763 —
714 701 757 762 -'
780 717 827 780 ἐπὶ
845 711 937 779 Ἴλιον
961 714 1040 780 ἐπλει
1063 714 1303 803 πεντηκοντόροις

129 823 338 899 ὀκτωκαίδεκα,
359 824 560 910 συναθροίσας
573 823 699 909 στρατόν
716 823 837 909 ἀνδρῶν
853 822 983 907 ἀρίστων
999 823 1141 896 ἑκουσίως
1154 823 1301 886 θελόντων

128 929 351 1017 στρατεύεσθαι·
385 929 590 1004 καταπλεύσας
611 929 645 993 δὲ
669 932 696 993 ελ
728 926 819 993 Ἴλιον
842 931 894 1017 τήν
912 930 969 1015 μὲν
993 935 1051 994 τῶν
1074 934 1150 993 νεών
1167 929 1301 1015 φυλακήν

135 1038 231 1101 θῖκλεί
250 1036 410 1112 κατέλιπεν,
434 1036 525 1110 αύτδς
546 1036 580 1100 δὲ
599 1038 677 1121 μετά
700 1040 761 1100 τών
785 1036 882 1101 ἀλλων
905 1038 1052 1124 ἀριστέων
1076 1037 1164 1122 ὥρμα
1186 1037 1234 1100 ἐπὶ
1249 1036 1325 1123 τήν·

129 1143 218 1207 πόλιν.
265 1142 507 1229 παραγενόμενος
532 1142 566 1206 δέ
596 1144 643 1206 ἐπὶ
671 1143 724 1217 τάς
749 1148 822 1218 ναύς
848 1147 901 1207 σύν
929 1145 972 1229 τῷ
1003 1144 1104 1231 πλήθει
1132 1142 1301 1228 Λαομέδων

135 1249 238 1314 Οἰκλέα
261 1251 320 1330 μὲν
343 1249 491 1313 ἀπέκτεινε
510 1249 692 1338 μαχόμενον,
718 1250 877 1323 ἀπελαθεὶς
898 1251 932 1313 δέ
956 1251 1013 1313 ύπδ
1037 1255 1095 1313 τών
1115 1251 1192 1335 μετὰ
1216 1247 1300 1335 Ἡρα-

128 1356 231 1430 κλέους
255 1357 461 1443 ἐπολιορκεῖτο.
507 1361 559 1444 τής
585 1355 618 1419 δὲ
647 1356 814 1441 πολιορκίας
840 1357 1010 1444 ἐνεστώσης
1031 1356 1130 1444 ῥήξας
1150 1355 1183 1419 τό
1207 1359 1304 1450 τεῒγος

136 1463 275 1548 Τελαμών
302 1467 421 1548 πρῶτος
445 1465 580 1550 είσήλθεν
604 1465 647 1536 εἷς
667 1464 719 1550 τήν
743 1464 833 1537 πόλιν,
857 1465 906 1526 καί
925 1464 1003 1546 μετά
1028 1467 1129 1526 τοῦτον
1152 1460 1300 1549 Ἡρακλῆς.

129 1571 174 1644 ώς
206 1570 240 1633 δέ
275 1571 422 1633 ἐθεάσατο
458 1570 618 1654 Τελαμῶνα
654 1575 772 1656 πρῶτον
801 1569 1020 1656 εἰσεληλυθότα,
1053 1570 1243 1653 σπασάμενος
1268 1568 1301 1631 τδ

128 1675 214 1761 ξίφος
247 1677 290 1740 ἐπ’
322 1677 413 1740 αὐτόν
447 1672 504 1763 ᾔει,
537 1676 651 1763 υηδένα
686 1677 781 1740 θέλων
809 1677 919 1739 ἑαυτοῦ
947 1675 1098 1762 κρείττονα
1127 1675 1302 1760 νομίζεσθαι.

130 1783 257 1846 συνιδών
282 1787 367 1847 τούτο
396 1783 534 1867 Τελαμών
558 1783 678 1868 πλησίον
701 1783 800 1856 λίθους
820 1783 969 1868 κειμένους
990 1782 1175 1869 συνήθροιζε,
1199 1785 1251 1844 τού
1267 1782 1302 1845 δέ

129 1889 274 1974 ἐρομένου
302 1889 330 1952 τί
356 1891 486 1976 πράττοι,
513 1889 620 1974 βωμὸν
648 1889 728 1954 εἶπεν
752 1887 929 1975 Ἡρακλέους
955 1889 1188 1962 κατασκευάζειν
1210 1888 1301 1951 καλλι-

130 1995 217 2059 νίκου.
263 1997 280 2056 δ
304 1997 338 2060 δέ
362 1995 528 2071 ἐπαινέσας,
553 1998 597 2069 ὡς
616 1997 675 2060 εἷλε
692 1997 743 2083 τήν
760 1997 850 2072 πόλιν,
874 1996 1093 2070 κατατοξεύσας
1107 1994 1302 2081 Λαομέδοντα

129 2103 177 2166 καί
200 2103 268 2176 τούς
289 2104 398 2177 παῖδας
420 2104 512 2166 αὐτοῦ
523 2105 624 2190 χωρίς
639 2102 813 2190 ΙΙοδάρκου,
845 2105 993 2189 Τελαμῶνι
1009 2105 1156 2188 ἀριστεῖον
1172 2100 1302 2188 Ἡσιόνην

130 2210 182 2296 τήν
211 2208 422 2295 Λαομέδοντος
443 2210 593 2294 θυγατέρα
628 2210 741 2288 δίδωσι,
777 2213 825 2273 καί
860 2210 950 2296 ταύτη
980 2216 1133 2296 συγχωρεῖ
1157 2215 1216 2272 τών
1240 2211 1301 2296 αἰγ-

125 2318 275 2399 μαλώτων
310 2317 343 2380 δν
378 2315 483 2404 ήθελεν
516 2315 647 2397 ἀγεοθιιι.
709 2322 761 2403 τής
793 2316 827 2380 δὲ
868 2317 1049 2403 αἱρουμένης
1085 2315 1134 2379 τόν
1168 2313 1303 2399 ἀδελφόν

131 2421 303 2509 Ποδάρκην,
327 2421 386 2511 ἔφη
411 2424 472 2487 δεῖν
496 2428 614 2508 πρώτον
638 2422 729 2486 αύτδν
753 2423 859 2486 δούλου
880 2423 1023 2505 γενέσθαι,
1048 2425 1097 2486 καὶ
1112 2420 1176 2486 τότε
1193 2421 1220 2484 τί
1233 2444 1302 2484 ποτε

130 2529 243 2592 δοῦσαν
272 2531 333 2593 ἀντ’
360 2530 453 2593 αύτού
486 2530 589 2612 λαβεῖν
617 2530 716 2593 αύτόν.
769 2531 788 2617 ή
817 2530 852 2593 δὲ
882 2531 1117 2616 πιπρασκομένου
1145 2531 1196 2618 τήν
1219 2529 1302 2592 καλύ-
1377 2566 1381 2575 -

130 2659 224 2722 πτραν
253 2636 423 2724 ἀφελομένη
452 2642 505 2722 τής
530 2640 664 2724 κεφαλῆς
683 2637 863 2700 ἀντέδωκεν·
892 2639 962 2701 όθεν
986 2636 1148 2725 Ποδάρκης
1171 2635 1306 2722 Πρίαμος

133 2740 249 2831 ἐκλήθη.
299 2748 346 2807 Cf.
371 2747 518 2826 Apollod.
544 2747 604 2821 ΙΙΙ,
632 2738 681 2820 12,
708 2745 737 2820 7,
763 2747 793 2807 δ.

218 2852 366 2931 Apollod.
392 2854 434 2927 ΙΙ,
461 2853 490 2929 7,
521 2856 549 2914 l:
587 2849 725 2923 πλέοντος
750 2850 784 2913 δὲ
812 2851 872 2912 ἀ-πδ
904 2851 1010 2935 Τροίας
1030 2847 1206 2936 Ἡρακλέους
1222 2847 1303 2935 Ἡρα

124 2956 280 3045 χαλεπούς
312 2954 426 3042 έπεμφε
452 2962 614 3044 χειμῶνας·
648 2957 696 3041 ἐφ’
732 2957 776 3029 οἷς
801 2957 1009 3046 ἀγανακτήσας
1036 2956 1114 3030 Ζεύς
1140 2957 1304 3043 ἐκρέμασεν

130 3063 223 3148 αύτήν
253 3061 291 3133 ἐξ
310 3062 462 3147 Ὀλύμπου.
510 3063 668 3148 προσέπλει
691 3063 725 3126 δέ
748 3060 890 3152 Ἡρακλής
911 3069 950 3152 τῇ
972 3064 1038 3150 Ιίῴ·
1062 3065 1111 3128 καὶ
1137 3064 1307 3149 νομίσαντες

130 3170 221 3232 αὐτόν
254 3172 282 3232 οί
307 3169 390 3255 Κῷοι
417 3170 569 3257 ληστρικδν
598 3169 678 3252 ἀγειν
706 3171 820 3246 στόλον,
845 3172 1007 3254 βάλλοντες
1031 3173 1120 3245 λίθοις
1146 3171 1303 3256 προσπλεῖν

130 3278 269 3341 ἐκώλυον.
315 3277 408 3340 δδέ·
422 3277 604 3360 βιασάμενος
630 3279 681 3366 τήν
710 3276 797 3341 νύκτα
821 3280 890 3353 εἷλε,
915 3282 962 3341 καὶ
986 3277 1183 3360 τὸνβασιλέα
1209 3276 1303 3362 ίίύρύ-

131 3385 232 3459 πυλον,
255 3383 467 3457 Ἀστυπαλαίας
488 3384 580 3446 παῖδα
596 3386 644 3446 καί
661 3383 860 3458 ίίοσειδώνος,
884 3382 1017 3457 ἔκτεινεν,
1043 3384 1162 3470 ἐτρώθη
1179 3383 1214 3447 δέ
1230 3383 1303 3446 κατά

132 3488 184 3573 τήν
202 3491 305 3578 μάχην
320 3488 462 3579 Ἡρακλής
483 3491 539 3553 ύπδ
565 3490 786 3564 Χαλκώδοντος,
811 3490 861 3552 καί
877 3490 946 3563 Λιδς
966 3488 1193 3575 ἐξαρπάσαντος
1214 3488 1304 3553 αὐτόν

132 3595 222 3659 ούδέν
238 3594 340 3661 ἔπαθε.
374 3599 528 3686 πορθήσας
542 3597 576 3660 δὲ
595 3595 647 3658 K&
664 3596 716 3685 ήκε
733 3597 767 3658 δι’
785 3597 913 3684 ’.ίθηνάν
929 3596 972 3669 είς
988 3595 1124 3681 Φλέγραν
1139 3635 1179 3641 *
1194 3635 1235 3642 —-
1253 3635 1303 3657 ψ.

222 3706 345 3769 Tabula
377 3707 583 3780 Farnesiana‚
620 3728 672 3786 pp.
701 3705 831 3768 (ὅθ-70
860 3706 993 3784 <Jah11.):
1041 3701 1111 3767 Κίον
1146 3727 1177 3765 τε
1212 3701 1304 3766 ἔκτισε

134 3810 215 3874 πόλιν
239 3809 425 3897 Πολύφαμον
449 3811 577 3893 βασιλέα
607 3811 771 3884 ἐπιστάσας.
818 3808 1002 3890 Λαομέδοντι
1025 3809 1059 3874 δέ
1083 3810 1233 3897 ἐβοάθησε
1257 3813 1303 3873 θυ-

131 3918 245 4004 γατέρα
277 3919 382 3990 σώσας
414 3918 642 4004 πολιορκομέναν
670 3916 726 3980 ύπδ
755 3918 871 4004 κήτεος,
902 3919 949 3980 καὶ
977 3918 1140 3990 ἀποταθεὶς
1165 3915 1308 4004 Ἡρακλής

130 4025 188 4087 ύπδ
212 4024 423 4109 Λαομέδοντος
444 4026 486 4096 εἷς
503 4019 616 4110 Ἄργος
637 4025 778 4112 ἀπελύθη.
827 4023 990 4109 ἑσσάμενος
1011 4024 1037 4088 δ
1062 4025 1094 4088 ἐν
1125 4024 1238 4111 Τίρυνθι
1262 4025 1303 4087 τέ-

80 4169 83 4174 -
126 4153 220 4223 μενος
243 4129 404 4204 Ἐνυαλίου,
434 4130 511 4221 μετὰ
542 4129 716 4221 Τελαμῶνός
748 4154 780 4200 τε
809 4133 858 4198 καί
883 4131 1010 4226 ΙΙηλέως
1035 4131 1238 4228 καλᾌθίκλέως
1258 4131 1306 4196 ἐπί
