2910 4650
621 370 819 434 „3-

136 563 223 624 tione
245 563 353 627 votiva
374 584 451 627 voce
472 561 643 643 Ζαγκλαῖος
662 585 739 628 usus
763 571 838 641 erat,
863 567 955 645 quasi
977 586 1072 629 nemo
1095 572 1169 646 post
1190 570 1309 629 nomen

137 670 248 750 oppidi
271 676 432 747 mutatum
455 690 566 733 vocem
582 672 712 734 Zancles
727 675 936 752 usurpaverit.
969 673 1065 745 Quod
1080 672 1175 752 plane
1190 672 1309 736 falsum

138 781 198 848 est3
234 797 310 838 nam
333 777 368 838 in
395 777 508 858 populi
535 796 688 852 sermone,
725 778 866 840 maxime
898 779 1042 863 gentium
1072 779 1308 859 indigenarum,

138 902 255 943 nomen
279 883 409 944 Zancles
432 882 555 945 diutius
578 885 790 964 permansisse
811 884 984 947 verisimile
1007 891 1063 947 est.
1099 886 1212 964 Itaque
1235 886 1309 946 cum
1429 939 1436 954 ,

140 970 322 1065 equestrem
343 990 539 1050 Amazonem
563 994 672 1052 contra
694 991 867 1052 Herculem
895 996 1093 1072 pugnantem
1117 992 1223 1072 quinti
1246 1009 1311 1053 sae·

139 1095 202 1155 cuh'
237 1094 331 1156 initio
358 1094 478 1155 iactam
507 1114 574 1160 esse
597 1095 652 1158 vix
680 1095 830 1159 credibile
860 1097 911 1173 sit,
946 1099 1012 1161 veri
1046 1118 1111 1159 non
1146 1095 1312 1167 dissimilis

138 1200 265 1262 videtur
289 1200 472 1261 coniectura
495 1201 611 1279 figuras
629 1201 705 1264 'illas
727 1195 899 1282 posteriore
922 1208 1033 1280 aetate,
1057 1205 1190 1266 fortasse
1205 1201 1313 1263 media

139 1306 245 1383 quinti
268 1305 387 1368 saeculi
410 1311 508 1386 parte,
533 1307 693 1369 coniectas
716 1327 792 1371 esse.

230 1411 330 1472 Venio
353 1432 440 1473 nunc
462 1412 504 1474 ad
526 1412 636 1474 fictilia
663 1413 698 1472 in
725 1413 842 1492 quibus
876 1415 932 1476 illa
965 1433 1073 1495 pugna
1098 1401 1227 1494 depicta
1253 1418 1311 1476 est.

140 1518 190 1576 Ex
212 1518 252 1578 iis
275 1536 377 1595 neque
394 1517 566 1593 Corinthia,
591 1523 748 1596 quantum
772 1520 846 1596 seio,
870 1540 975 1599 neque
997 1541 1035 1582 ea
1057 1539 1139 1600 quae
1159 1540 1176 1581 e
1196 1519 1312 1581 littera-

140 1642 213 1683 rum
236 1623 462 1703 inscriptarum
485 1624 598 1686 formis
622 1624 804 1686 Chalcidica
826 1644 893 1688 esse
916 1626 1035 1689 scimus
1058 1645 1127 1688 rem
1149 1624 1311 1695 exhibent.

142 1729 205 1790 Sed
227 1729 262 1789 in
286 1730 441 1809 amphora
462 1729 563 1792 Lond.
588 1731 614 1790 B
637 1723 723 1809 55‚¹)
753 1731 983 1819 quaevidetur
1005 1751 1073 1794 esse
1096 1722 1314 1808 Chalcidica&
1396 1787 1398 1792 ,

142 1835 291 1912 quamvis
319 1834 354 1896 id
383 1856 441 1916 pro
464 1840 558 1908 certo,
594 1835 855 1916 inscriptionibus
878 1837 1110 1912 deficientibus,
1132 1836 1315 1922 *adfirmare

141 1960 206 2001 non
238 1941 346 2017 velim,
389 1942 547 2022 proelium
582 1941 747 2022 depictum
787 1943 972 2022 reperimus.
1040 1943 1080 2004 In
1115 1926 1152 2003 ea
1190 1943 1315 2021 pictura

143 2048 297 2109 Hercules
320 2047 430 2109 tunica
452 2048 540 2109 brevi
563 2052 595 2109 et
617 2047 717 2111 leonis
740 2049 822 2129 pelle
837 2049 970 2112 vestitus
986 2054 1018 2111 et
1032 2048 1074 2110 ad
1089 2048 1235 2110 dextram
1250 2066 1316 2109 ver-

142 2172 196 2215 sus
219 2153 362 2231 gladium
391 2153 576 2216 destrictum
604 2154 717 2215 dextra
745 2174 855 2229 manu,
885 2154 1014 2218 sinistra
1040 2154 1197 2217 cassidem
1220 2155 1320 2224 Ama,
1436 2204 1438 2208 ,

142 2259 229 2321 zonis
262 2258 525 2339 comprehensam
557 2263 653 2321 tenet.
712 2260 760 2321 lla
787 2260 829 2321 ad
863 2261 1025 2323 sinistram
1048 2279 1139 2323 versa
1170 2259 1205 2320 in
1232 2278 1315 2338 genu

143 2365 292 2426 dextrum
316 2365 411 2440 cadit,
435 2366 545 2427 tunica
567 2364 673 2441 rubra,
708 2365 835 2444 cingulo
869 2371 947 2442 atro,
983 2366 1105 2428 casside
1128 2366 1193 2428 alta
1221 2365 1316 2444 crista

143 2475 264 2546 ornata,
300 2491 421 2550 parma,
456 2458 549 2534 hasta
582 2473 746 2534 instructa.
804 2472 880 2534 Post
901 2473 1074 2534 Herculem
1097 2472 1189 2534 miles
1213 2471 1254 2533 ad
1277 2470 1315 2533 si·

144 2576 279 2637 nistram
302 2595 411 2639 versus
434 2578 561 2639 hastam
595 2576 743 2651 intendit,
779 2597 977 2657 quamquam
1003 2577 1105 2641 hostis
1127 2598 1193 2639 non
1216 2577 1315 2639 adest.

144 2682 184 2742 In
212 2681 324 2770 deintra
350 2682 492 2761 picturae
526 2689 616 2763 parte
643 2683 721 2744 alter
745 2683 838 2746 miles
860 2683 902 2745 ad
925 2683 1072 2745 dextram
1095 2701 1203 2748 versus
1226 2682 1317 2744 alteri

145 2787 302 2848 Amazoni
325 2788 385 2850 sub
408 2788 491 2850 vasis
515 2807 593 2850 ansa
612 2790 737 2869 positae
759 2790 887 2853 hastam
913 2789 1060 2851 intentat.
1117 2789 1207 2862 Quae
1235 2807 1317 2867 genu

146 2893 258 2954 dextro
281 2893 358 2955 nixa
380 2898 412 2955 et
434 2893 476 2955 ad
496 2894 658 2956 sinistram
674 2915 773 2972 versa,
797 2895 907 2957 tunica
928 2894 1033 2970 rubra,
1058 2894 1179 2958 casside
1202 2894 1319 2964 humili

147 2999 241 3060 crista
264 2999 417 3078 praedita,
442 3018 507 3061 una
529 3020 629 3076 ocrea,
653 3021 775 3082 parma,
799 3001 892 3064 hasta
914 3001 1042 3063 munita
1064 3006 1121 3064 est.
1173 3001 1177 3009 '

234 3106 397 3167 Praeterea
419 3107 525 3168 nescio
548 3127 590 3169 an
613 3107 728 3188 hydria
751 3107 867 3170 mutila
888 3106 1057 3170 Urbibenti
1079 3099 1235 3186 reperta⁸)
1258 3104 1319 3167 hoc

146 3213 216 3273 loco
239 3213 508 3275 conmemoranda
531 3213 585 3294 sit3
610 3234 692 3293 quae
714 3213 874 3294 picturam
894 3212 1025 3275 exhibet
1044 3213 1141 3274 hanc:
1165 3210 1319 3273 Hercules

148 3318 189 3378 ad
213 3319 359 3380 dextram
381 3339 491 3384 versus
514 3319 670 3383 cassidem
694 3318 865 3383 Amazonis
888 3318 1017 3382 sinistra
1039 3337 1139 3379 manu
1160 3321 1258 3393 tenet,
1289 3322 1321 3379 et

148 3424 253 3502 gladio
276 3425 424 3503 iugulum
448 3426 516 3489 eius
536 3427 684 3507 perfodit.
720 3427 768 3488 Ea
783 3445 866 3506 genu
882 3426 1009 3488 sinistro
1024 3423 1103 3486 nixa
1125 3429 1156 3486 et
1178 3422 1321 3504 hoplitae

223 3648 243 3715 ¹)
262 3648 335 3702 Vasa
353 3648 476 3704 Londinii
494 3649 522 3705 in
540 3649 633 3706 Museo
651 3649 805 3707 Britannico
829 3651 937 3704 servata
959 3647 1051 3704 notavi
1069 3646 1186 3703 numeris
1203 3663 1275 3703 nunc
1293 3646 1321 3703 in

151 3750 244 3789 museo
262 3736 383 3808 usitatis3
402 3736 437 3792 iis
456 3752 526 3807 quae
546 3740 573 3793 in
593 3737 717 3807 catalogo
736 3737 871 3807 descripta
890 3740 953 3792 sunt
971 3738 1075 3792 veteres
1088 3751 1214 3792 numeros
1227 3735 1321 3792 adieci.

151 3823 259 3879 Gratias
277 3840 389 3894 magnas
401 3824 509 3898 llurray
525 3825 583 3880 viro
594 3825 751 3881 doctissimo
761 3841 824 3896 ego,
844 3824 890 3896 qui
902 3840 946 3880 me
958 3840 1018 3880 cum
1032 3823 1155 3880 Londinii
1171 3826 1330 3898 morantem*

151 3912 267 3983 benigne
279 3912 423 3981 adiuvavit,
442 3916 498 3968 tum
514 3917 611 3984 postea
629 3929 677 3984 per
696 3912 800 3969 litteras
816 3913 853 3968 de
864 3912 1000 3968 nonnullis
1012 3913 1093 3978 vasis
1104 3912 1323 3984 interrogantem.

223 4005 245 4070 2)
264 4001 306 4056 lta
323 4001 523 4072 Furtwaengler
541 4003 683 4074 (Roschar,
703 4001 824 4058 Lexihon
842 4001 890 4058 dar
908 4002 1005 4073 gdech.
1025 4019 1051 4057 u
1069 4007 1136 4058 rbm.
1149 4000 1323 4074 Mythologie,

152 4090 172 4145 1.
192 4107 218 4160 p.
240 4091 331 4158 2202).
365 4089 397 4145 ln
416 4091 530 4161 utroque
546 4090 610 4146 colli
627 4090 712 4146 latere
730 4094 795 4147 sunt
811 4091 866 4147 duo
883 4091 963 4147 oculi.

224 4179 246 4247 ⁸)
264 4177 398 4234 Bulletino
415 4178 478 4234 dall’
495 4178 571 4249 lust,
592 4180 670 4250 187⁹,
688 4173 850 4251 125228041.

1130 4272 1192 4338 i*
1312 4266 1313 4269 ’
