<?xml version="1.0" encoding="UTF-8"?>
<!DOCTYPE html PUBLIC "-//W3C//DTD XHTML 1.0 Transitional//EN"
    "http://www.w3.org/TR/xhtml1/DTD/xhtml1-transitional.dtd">
<html xmlns="http://www.w3.org/1999/xhtml" xml:lang="en" lang="en">
 <head>
  <title>
</title>
<meta http-equiv="Content-Type" content="text/html;charset=utf-8" />
  <meta name='ocr-system' content='tesseract 3.04.00' />
  <meta name='ocr-capabilities' content='ocr_page ocr_carea ocr_par ocr_line ocrx_word'/>
</head>
<body>
  <div class='ocr_page' id='page_1' title='image "./deamazonumantiq00coregoog_0066.png"; bbox 0 0 2910 4650; ppageno 0'>
   <div class='ocr_carea' id='block_1_1' title="bbox 623 312 826 380">
    <p class='ocr_par' dir='ltr' id='par_1_1' title="bbox 623 312 826 380">
     <span class='ocr_line' id='line_1_1' title="bbox 623 312 826 380; baseline 0.015 -19"><span class='ocrx_word' id='word_1_1' title='bbox 623 312 826 380; x_wconf 76' lang='lat'>..57-</span> 
     </span>
    </p>
   </div>
   <div class='ocr_carea' id='block_1_2' title="bbox 129 505 1317 3455">
    <p class='ocr_par' dir='ltr' id='par_1_2' title="bbox 136 505 1313 785">
     <span class='ocr_line' id='line_1_2' title="bbox 136 505 1313 591; baseline 0.001 -21"><span class='ocrx_word' id='word_1_2' title='bbox 136 560 142 564; x_wconf 97' lang='lat'>.</span> <span class='ocrx_word' id='word_1_3' title='bbox 232 505 431 588; x_wconf 88' lang='lat' dir='ltr'>Vaticana¹):</span> <span class='ocrx_word' id='word_1_4' title='bbox 460 511 585 591; x_wconf 80' lang='lat' dir='ltr'><strong>pictura</strong></span> <span class='ocrx_word' id='word_1_5' title='bbox 613 511 648 571; x_wconf 91' lang='lat' dir='ltr'>in</span> <span class='ocrx_word' id='word_1_6' title='bbox 670 512 817 573; x_wconf 87' lang='lat' dir='ltr'>interiore</span> <span class='ocrx_word' id='word_1_7' title='bbox 840 515 929 589; x_wconf 89' lang='lat' dir='ltr'>parte</span> <span class='ocrx_word' id='word_1_8' title='bbox 952 516 1013 572; x_wconf 89' lang='lat' dir='ltr'>est:</span> <span class='ocrx_word' id='word_1_9' title='bbox 1040 513 1182 572; x_wconf 86' lang='lat' dir='ltr'>Amazon</span> <span class='ocrx_word' id='word_1_10' title='bbox 1204 511 1313 573; x_wconf 84' lang='lat' dir='ltr'>tunica</span> 
     </span>
     <span class='ocr_line' id='line_1_3' title="bbox 139 615 1311 696; baseline -0.002 -18"><span class='ocrx_word' id='word_1_11' title='bbox 139 617 239 692; x_wconf 88' lang='lat' dir='ltr'>brevi,</span> <span class='ocrx_word' id='word_1_12' title='bbox 264 617 400 690; x_wconf 78' lang='lat' dir='ltr'>thorace,</span> <span class='ocrx_word' id='word_1_13' title='bbox 417 617 511 695; x_wconf 86' lang='lat' dir='ltr'>longa</span> <span class='ocrx_word' id='word_1_14' title='bbox 527 617 695 695; x_wconf 83' lang='lat' dir='ltr'>chlamyde</span> <span class='ocrx_word' id='word_1_15' title='bbox 711 616 746 677; x_wconf 91' lang='lat' dir='ltr'>in</span> <span class='ocrx_word' id='word_1_16' title='bbox 761 620 847 694; x_wconf 87' lang='lat' dir='ltr'>tergo</span> <span class='ocrx_word' id='word_1_17' title='bbox 863 617 1070 696; x_wconf 79' lang='lat' dir='ltr'>dependente,</span> <span class='ocrx_word' id='word_1_18' title='bbox 1095 616 1199 690; x_wconf 90' lang='lat' dir='ltr'>mitra,</span> <span class='ocrx_word' id='word_1_19' title='bbox 1216 615 1311 696; x_wconf 87' lang='lat' dir='ltr'>pelta,</span> 
     </span>
     <span class='ocr_line' id='line_1_4' title="bbox 140 721 796 785; baseline -0.002 -2"><span class='ocrx_word' id='word_1_20' title='bbox 140 723 234 784; x_wconf 88' lang='lat' dir='ltr'>hasta</span> <span class='ocrx_word' id='word_1_21' title='bbox 256 723 412 785; x_wconf 90' lang='lat' dir='ltr'>instructa</span> <span class='ocrx_word' id='word_1_22' title='bbox 435 722 475 783; x_wconf 89' lang='lat' dir='ltr'>ad</span> <span class='ocrx_word' id='word_1_23' title='bbox 499 723 645 784; x_wconf 79' lang='lat' dir='ltr'>dextram</span> <span class='ocrx_word' id='word_1_24' title='bbox 668 721 796 783; x_wconf 78' lang='lat' dir='ltr'>incedit.</span> 
     </span>
    </p>

    <p class='ocr_par' dir='ltr' id='par_1_3' title="bbox 138 821 1314 1209">
     <span class='ocr_line' id='line_1_5' title="bbox 232 821 1314 905; baseline -0.003 -14"><span class='ocrx_word' id='word_1_25' title='bbox 232 829 366 891; x_wconf 83' lang='lat' dir='ltr'>Catillus</span> <span class='ocrx_word' id='word_1_26' title='bbox 388 828 531 890; x_wconf 89' lang='lat' dir='ltr'>Paraveii</span> <span class='ocrx_word' id='word_1_27' title='bbox 556 827 607 902; x_wconf 87' lang='grc'>79,</span> <span class='ocrx_word' id='word_1_28' title='bbox 632 848 718 888; x_wconf 89' lang='lat' dir='ltr'>nunc</span> <span class='ocrx_word' id='word_1_29' title='bbox 740 829 775 888; x_wconf 89' lang='lat' dir='ltr'>in</span> <span class='ocrx_word' id='word_1_30' title='bbox 797 846 908 889; x_wconf 87' lang='lat' dir='ltr'>museo</span> <span class='ocrx_word' id='word_1_31' title='bbox 923 828 1065 890; x_wconf 80' lang='lat' dir='ltr'>Parisino</span> <span class='ocrx_word' id='word_1_32' title='bbox 1089 821 1269 905; x_wconf 78' lang='lat' dir='ltr'>servatus²),</span> <span class='ocrx_word' id='word_1_33' title='bbox 1289 847 1314 888; x_wconf 90' lang='lat' dir='ltr'>a</span> 
     </span>
     <span class='ocr_line' id='line_1_6' title="bbox 141 933 1314 1014; baseline -0.002 -18"><span class='ocrx_word' id='word_1_34' title='bbox 141 935 350 1014; x_wconf 85' lang='lat' dir='ltr'>Cachrylione</span> <span class='ocrx_word' id='word_1_35' title='bbox 372 936 491 997; x_wconf 86' lang='lat' dir='ltr'>factus:</span> <span class='ocrx_word' id='word_1_36' title='bbox 517 937 659 995; x_wconf 84' lang='lat' dir='ltr'>Amazon</span> <span class='ocrx_word' id='word_1_37' title='bbox 682 933 831 1012; x_wconf 81' lang='lat' dir='ltr'>Scythica</span> <span class='ocrx_word' id='word_1_38' title='bbox 852 938 939 996; x_wconf 90' lang='lat' dir='ltr'>veste</span> <span class='ocrx_word' id='word_1_39' title='bbox 962 935 1105 1014; x_wconf 86' lang='lat' dir='ltr'>praedita</span> <span class='ocrx_word' id='word_1_40' title='bbox 1132 939 1164 996; x_wconf 91' lang='lat' dir='ltr'>et</span> <span class='ocrx_word' id='word_1_41' title='bbox 1186 934 1314 997; x_wconf 89' lang='lat' dir='ltr'>sinistra</span> 
     </span>
     <span class='ocr_line' id='line_1_7' title="bbox 140 1040 1313 1118; baseline 0 -17"><span class='ocrx_word' id='word_1_42' title='bbox 140 1060 241 1101; x_wconf 87' lang='lat' dir='ltr'>manu</span> <span class='ocrx_word' id='word_1_43' title='bbox 263 1059 371 1102; x_wconf 88' lang='lat' dir='ltr'>arcum</span> <span class='ocrx_word' id='word_1_44' title='bbox 396 1046 427 1102; x_wconf 89' lang='lat' dir='ltr'>et</span> <span class='ocrx_word' id='word_1_45' title='bbox 450 1040 529 1103; x_wconf 88' lang='lat' dir='ltr'>duas</span> <span class='ocrx_word' id='word_1_46' title='bbox 552 1041 692 1118; x_wconf 81' lang='lat' dir='ltr'>sagittas,</span> <span class='ocrx_word' id='word_1_47' title='bbox 709 1040 821 1101; x_wconf 88' lang='lat' dir='ltr'>dextra</span> <span class='ocrx_word' id='word_1_48' title='bbox 835 1040 971 1102; x_wconf 91' lang='lat' dir='ltr'>securim</span> <span class='ocrx_word' id='word_1_49' title='bbox 986 1045 1097 1103; x_wconf 88' lang='lat' dir='ltr'>tenens</span> <span class='ocrx_word' id='word_1_50' title='bbox 1113 1040 1313 1103; x_wconf 79' lang='lat' dir='ltr'>dextrorsum</span> 
     </span>
     <span class='ocr_line' id='line_1_8' title="bbox 138 1146 237 1209; baseline -0.02 0"><span class='ocrx_word' id='word_1_51' title='bbox 138 1146 237 1209; x_wconf 86' lang='lat' dir='ltr'>vadit.</span> 
     </span>
    </p>

    <p class='ocr_par' dir='ltr' id='par_1_4' title="bbox 230 1251 767 1314">
     <span class='ocr_line' id='line_1_9' title="bbox 230 1251 767 1314; baseline 0 -2"><span class='ocrx_word' id='word_1_52' title='bbox 230 1252 287 1314; x_wconf 93' lang='lat' dir='ltr'>IV.</span> <span class='ocrx_word' id='word_1_53' title='bbox 313 1252 456 1313; x_wconf 87' lang='lat' dir='ltr'>Amazon</span> <span class='ocrx_word' id='word_1_54' title='bbox 479 1252 566 1314; x_wconf 87' lang='lat' dir='ltr'>hosti</span> <span class='ocrx_word' id='word_1_55' title='bbox 588 1251 767 1313; x_wconf 89' lang='lat' dir='ltr'>insidiatur.</span> 
     </span>
    </p>

    <p class='ocr_par' dir='ltr' id='par_1_5' title="bbox 139 1353 1314 1545">
     <span class='ocr_line' id='line_1_10' title="bbox 229 1353 1314 1438; baseline 0.002 -20"><span class='ocrx_word' id='word_1_56' title='bbox 229 1357 359 1419; x_wconf 80' lang='lat' dir='ltr'>*Patara</span> <span class='ocrx_word' id='word_1_57' title='bbox 381 1353 551 1435; x_wconf 81' lang='lat' dir='ltr'>Virceb.,³)</span> <span class='ocrx_word' id='word_1_58' title='bbox 572 1357 679 1419; x_wconf 90' lang='lat' dir='ltr'>rubris</span> <span class='ocrx_word' id='word_1_59' title='bbox 698 1356 807 1435; x_wconf 84' lang='lat' dir='ltr'>figuris</span> <span class='ocrx_word' id='word_1_60' title='bbox 827 1362 950 1419; x_wconf 86' lang='lat' dir='ltr'>ornata:</span> <span class='ocrx_word' id='word_1_61' title='bbox 973 1359 1097 1438; x_wconf 87' lang='lat' dir='ltr'>pictura</span> <span class='ocrx_word' id='word_1_62' title='bbox 1116 1359 1151 1419; x_wconf 89' lang='lat' dir='ltr'>in</span> <span class='ocrx_word' id='word_1_63' title='bbox 1166 1359 1314 1421; x_wconf 89' lang='lat' dir='ltr'>interiore</span> 
     </span>
     <span class='ocr_line' id='line_1_11' title="bbox 139 1463 1099 1545; baseline 0 -19"><span class='ocrx_word' id='word_1_64' title='bbox 139 1471 228 1545; x_wconf 87' lang='lat' dir='ltr'>parte</span> <span class='ocrx_word' id='word_1_65' title='bbox 253 1469 316 1525; x_wconf 89' lang='lat' dir='ltr'>est:</span> <span class='ocrx_word' id='word_1_66' title='bbox 348 1465 491 1525; x_wconf 86' lang='lat' dir='ltr'>Amazon</span> <span class='ocrx_word' id='word_1_67' title='bbox 507 1464 663 1525; x_wconf 85' lang='lat' dir='ltr'>Graecum</span> <span class='ocrx_word' id='word_1_68' title='bbox 685 1463 720 1523; x_wconf 90' lang='lat' dir='ltr'>in</span> <span class='ocrx_word' id='word_1_69' title='bbox 747 1463 882 1524; x_wconf 91' lang='lat' dir='ltr'>modum</span> <span class='ocrx_word' id='word_1_70' title='bbox 898 1469 1021 1526; x_wconf 90' lang='lat' dir='ltr'>armata</span> <span class='ocrx_word' id='word_1_71' title='bbox 1043 1471 1099 1527; x_wconf 91' lang='lat' dir='ltr'>est.</span> 
     </span>
    </p>

    <p class='ocr_par' dir='ltr' id='par_1_6' title="bbox 230 1570 1312 1651">
     <span class='ocr_line' id='line_1_12' title="bbox 230 1570 1312 1651; baseline 0.001 -19"><span class='ocrx_word' id='word_1_72' title='bbox 230 1571 269 1633; x_wconf 92' lang='lat' dir='ltr'>V.</span> <span class='ocrx_word' id='word_1_73' title='bbox 294 1571 470 1630; x_wconf 82' lang='lat' dir='ltr'>Amazones</span> <span class='ocrx_word' id='word_1_74' title='bbox 494 1570 655 1648; x_wconf 89' lang='lat' dir='ltr'>pedestres</span> <span class='ocrx_word' id='word_1_75' title='bbox 678 1589 751 1630; x_wconf 91' lang='lat' dir='ltr'>cum</span> <span class='ocrx_word' id='word_1_76' title='bbox 771 1570 928 1631; x_wconf 84' lang='lat' dir='ltr'>militibus</span> <span class='ocrx_word' id='word_1_77' title='bbox 944 1571 1144 1650; x_wconf 86' lang='lat' dir='ltr'>pedestribus</span> <span class='ocrx_word' id='word_1_78' title='bbox 1159 1575 1312 1651; x_wconf 86' lang='lat' dir='ltr'>pugnant.</span> 
     </span>
    </p>

    <p class='ocr_par' dir='ltr' id='par_1_7' title="bbox 135 1675 1315 2499">
     <span class='ocr_line' id='line_1_13' title="bbox 229 1675 1314 1753; baseline 0.001 -16"><span class='ocrx_word' id='word_1_79' title='bbox 229 1677 375 1737; x_wconf 89' lang='lat' dir='ltr'>Picturae</span> <span class='ocrx_word' id='word_1_80' title='bbox 398 1693 477 1753; x_wconf 88' lang='lat' dir='ltr'>quas</span> <span class='ocrx_word' id='word_1_81' title='bbox 500 1675 561 1736; x_wconf 93' lang='lat' dir='ltr'>hoc</span> <span class='ocrx_word' id='word_1_82' title='bbox 584 1675 653 1736; x_wconf 87' lang='lat' dir='ltr'>loeo</span> <span class='ocrx_word' id='word_1_83' title='bbox 670 1676 936 1736; x_wconf 90' lang='lat' dir='ltr'>conmemoraturi</span> <span class='ocrx_word' id='word_1_84' title='bbox 952 1696 1063 1739; x_wconf 91' lang='lat' dir='ltr'>sumus</span> <span class='ocrx_word' id='word_1_85' title='bbox 1079 1677 1113 1737; x_wconf 92' lang='lat' dir='ltr'>in</span> <span class='ocrx_word' id='word_1_86' title='bbox 1129 1677 1314 1738; x_wconf 87' lang='lat' dir='ltr'>universum</span> 
     </span>
     <span class='ocr_line' id='line_1_14' title="bbox 138 1781 1314 1861; baseline -0.001 -17"><span class='ocrx_word' id='word_1_87' title='bbox 138 1802 249 1844; x_wconf 87' lang='lat' dir='ltr'>earum</span> <span class='ocrx_word' id='word_1_88' title='bbox 273 1781 389 1860; x_wconf 92' lang='lat' dir='ltr'>quibus</span> <span class='ocrx_word' id='word_1_89' title='bbox 404 1781 550 1842; x_wconf 88' lang='lat' dir='ltr'>Herculis</span> <span class='ocrx_word' id='word_1_90' title='bbox 566 1801 673 1861; x_wconf 86' lang='lat' dir='ltr'>pugna</span> <span class='ocrx_word' id='word_1_91' title='bbox 687 1781 883 1856; x_wconf 88' lang='lat' dir='ltr'>inlustratur,</span> <span class='ocrx_word' id='word_1_92' title='bbox 900 1803 958 1861; x_wconf 90' lang='lat' dir='ltr'>pro</span> <span class='ocrx_word' id='word_1_93' title='bbox 974 1783 1074 1861; x_wconf 84' lang='lat' dir='ltr'>figura</span> <span class='ocrx_word' id='word_1_94' title='bbox 1088 1782 1235 1843; x_wconf 88' lang='lat' dir='ltr'>Herculis</span> <span class='ocrx_word' id='word_1_95' title='bbox 1251 1783 1314 1843; x_wconf 89' lang='lat' dir='ltr'>alio</span> 
     </span>
     <span class='ocr_line' id='line_1_15' title="bbox 138 1887 1312 1968; baseline -0.001 -19"><span class='ocrx_word' id='word_1_96' title='bbox 138 1889 242 1950; x_wconf 87' lang='lat' dir='ltr'>milite</span> <span class='ocrx_word' id='word_1_97' title='bbox 264 1888 377 1968; x_wconf 84' lang='lat' dir='ltr'>posite,</span> <span class='ocrx_word' id='word_1_98' title='bbox 402 1887 522 1948; x_wconf 90' lang='lat' dir='ltr'>similes</span> <span class='ocrx_word' id='word_1_99' title='bbox 546 1893 630 1948; x_wconf 89' lang='lat' dir='ltr'>sunt.</span> <span class='ocrx_word' id='word_1_100' title='bbox 676 1888 716 1949; x_wconf 91' lang='lat' dir='ltr'>ln</span> <span class='ocrx_word' id='word_1_101' title='bbox 751 1888 795 1949; x_wconf 91' lang='lat' dir='ltr'>eis</span> <span class='ocrx_word' id='word_1_102' title='bbox 830 1889 965 1968; x_wconf 87' lang='lat' dir='ltr'>saepius,</span> <span class='ocrx_word' id='word_1_103' title='bbox 1001 1889 1057 1950; x_wconf 90' lang='lat' dir='ltr'>sed</span> <span class='ocrx_word' id='word_1_104' title='bbox 1091 1910 1155 1951; x_wconf 92' lang='lat' dir='ltr'>non</span> <span class='ocrx_word' id='word_1_105' title='bbox 1179 1908 1312 1968; x_wconf 90' lang='lat' dir='ltr'>semper,</span> 
     </span>
     <span class='ocr_line' id='line_1_16' title="bbox 137 1990 1314 2073; baseline -0.001 -17"><span class='ocrx_word' id='word_1_106' title='bbox 137 1997 317 2057; x_wconf 86' lang='lat' dir='ltr'>Amazones</span> <span class='ocrx_word' id='word_1_107' title='bbox 340 1997 502 2072; x_wconf 86' lang='lat' dir='ltr'>superatas</span> <span class='ocrx_word' id='word_1_108' title='bbox 518 1993 672 2066; x_wconf 62' lang='lat' dir='ltr'>vidimus</span> <span class='ocrx_word' id='word_1_109' title='bbox 697 1994 784 2072; x_wconf 92' lang='lat' dir='ltr'>quod</span> <span class='ocrx_word' id='word_1_110' title='bbox 799 1994 901 2056; x_wconf 90' lang='lat' dir='ltr'>indoli</span> <span class='ocrx_word' id='word_1_111' title='bbox 917 2015 1024 2056; x_wconf 90' lang='lat' dir='ltr'>earum</span> <span class='ocrx_word' id='word_1_112' title='bbox 1046 1990 1227 2073; x_wconf 76' lang='lat' dir='ltr'>muliebri4)</span> <span class='ocrx_word' id='word_1_113' title='bbox 1250 2015 1314 2056; x_wconf 89' lang='lat' dir='ltr'>non</span> 
     </span>
     <span class='ocr_line' id='line_1_17' title="bbox 135 2100 1313 2178; baseline -0.001 -16"><span class='ocrx_word' id='word_1_114' title='bbox 135 2106 206 2162; x_wconf 90' lang='lat' dir='ltr'>tam</span> <span class='ocrx_word' id='word_1_115' title='bbox 231 2100 338 2162; x_wconf 83' lang='lat' dir='ltr'>deberi</span> <span class='ocrx_word' id='word_1_116' title='bbox 361 2100 453 2162; x_wconf 91' lang='lat' dir='ltr'>credo</span> <span class='ocrx_word' id='word_1_117' title='bbox 477 2119 575 2178; x_wconf 90' lang='lat' dir='ltr'>quam</span> <span class='ocrx_word' id='word_1_118' title='bbox 597 2100 726 2174; x_wconf 84' lang='lat' dir='ltr'>fabulis,</span> <span class='ocrx_word' id='word_1_119' title='bbox 750 2100 784 2160; x_wconf 90' lang='lat' dir='ltr'>in</span> <span class='ocrx_word' id='word_1_120' title='bbox 808 2100 935 2178; x_wconf 87' lang='lat' dir='ltr'>quibus.</span> <span class='ocrx_word' id='word_1_121' title='bbox 948 2101 1098 2163; x_wconf 91' lang='lat' dir='ltr'>omnibus</span> <span class='ocrx_word' id='word_1_122' title='bbox 1114 2103 1313 2163; x_wconf 90' lang='lat' dir='ltr'>Amazonum</span> 
     </span>
     <span class='ocr_line' id='line_1_18' title="bbox 137 2206 1314 2286; baseline 0.001 -19"><span class='ocrx_word' id='word_1_123' title='bbox 137 2207 278 2286; x_wconf 89' lang='lat' dir='ltr'>populus</span> <span class='ocrx_word' id='word_1_124' title='bbox 302 2206 404 2268; x_wconf 84' lang='lat' dir='ltr'>victus</span> <span class='ocrx_word' id='word_1_125' title='bbox 428 2206 568 2286; x_wconf 89' lang='lat' dir='ltr'>adparet,</span> <span class='ocrx_word' id='word_1_126' title='bbox 592 2207 638 2267; x_wconf 88' lang='lat' dir='ltr'>ita</span> <span class='ocrx_word' id='word_1_127' title='bbox 660 2212 696 2267; x_wconf 84' lang='lat' dir='ltr'>ut</span> <span class='ocrx_word' id='word_1_128' title='bbox 720 2207 864 2286; x_wconf 89' lang='lat' dir='ltr'>pictores,</span> <span class='ocrx_word' id='word_1_129' title='bbox 889 2206 1015 2268; x_wconf 86' lang='lat' dir='ltr'>etiamsi</span> <span class='ocrx_word' id='word_1_130' title='bbox 1037 2208 1160 2268; x_wconf 90' lang='lat' dir='ltr'>nullam</span> <span class='ocrx_word' id='word_1_131' title='bbox 1195 2212 1314 2268; x_wconf 86' lang='lat' dir='ltr'>certam</span> 
     </span>
     <span class='ocr_line' id='line_1_19' title="bbox 139 2311 1315 2391; baseline 0.003 -19"><span class='ocrx_word' id='word_1_132' title='bbox 139 2311 287 2373; x_wconf 82' lang='lat' dir='ltr'>fabulam</span> <span class='ocrx_word' id='word_1_133' title='bbox 308 2312 344 2372; x_wconf 91' lang='lat' dir='ltr'>in</span> <span class='ocrx_word' id='word_1_134' title='bbox 358 2313 521 2374; x_wconf 88' lang='lat' dir='ltr'>mentibus</span> <span class='ocrx_word' id='word_1_135' title='bbox 532 2312 694 2387; x_wconf 88' lang='lat' dir='ltr'>haberent,</span> <span class='ocrx_word' id='word_1_136' title='bbox 711 2317 820 2374; x_wconf 88' lang='lat' dir='ltr'>tamen</span> <span class='ocrx_word' id='word_1_137' title='bbox 831 2313 1047 2373; x_wconf 91' lang='lat' dir='ltr'>Amazonibus</span> <span class='ocrx_word' id='word_1_138' title='bbox 1063 2313 1203 2391; x_wconf 93' lang='lat' dir='ltr'>quodam</span> <span class='ocrx_word' id='word_1_139' title='bbox 1219 2313 1315 2375; x_wconf 92' lang='lat' dir='ltr'>modo</span> 
     </span>
     <span class='ocr_line' id='line_1_20' title="bbox 140 2418 941 2499; baseline 0 -20"><span class='ocrx_word' id='word_1_140' title='bbox 140 2422 363 2498; x_wconf 91' lang='lat' dir='ltr'>superatorum</span> <span class='ocrx_word' id='word_1_141' title='bbox 386 2418 578 2498; x_wconf 91' lang='lat' dir='ltr'>populorum</span> <span class='ocrx_word' id='word_1_142' title='bbox 601 2423 706 2499; x_wconf 88' lang='lat' dir='ltr'>partes</span> <span class='ocrx_word' id='word_1_143' title='bbox 730 2420 941 2497; x_wconf 84' lang='lat' dir='ltr'>adsignarent.</span> 
     </span>
    </p>

    <p class='ocr_par' dir='ltr' id='par_1_8' title="bbox 129 2523 1317 3455">
     <span class='ocr_line' id='line_1_21' title="bbox 233 2523 1315 2605; baseline 0.002 -21"><span class='ocrx_word' id='word_1_144' title='bbox 233 2523 319 2595; x_wconf 79' lang='lat' dir='ltr'>Quas</span> <span class='ocrx_word' id='word_1_145' title='bbox 342 2523 482 2603; x_wconf 86' lang='lat' dir='ltr'>picturas</span> <span class='ocrx_word' id='word_1_146' title='bbox 505 2525 565 2586; x_wconf 89' lang='lat' dir='ltr'>viri</span> <span class='ocrx_word' id='word_1_147' title='bbox 588 2525 674 2587; x_wconf 92' lang='lat' dir='ltr'>docti</span> <span class='ocrx_word' id='word_1_148' title='bbox 689 2526 731 2586; x_wconf 91' lang='lat' dir='ltr'>ad</span> <span class='ocrx_word' id='word_1_149' title='bbox 746 2526 880 2586; x_wconf 90' lang='lat' dir='ltr'>Achillis</span> <span class='ocrx_word' id='word_1_150' title='bbox 896 2530 927 2586; x_wconf 90' lang='lat' dir='ltr'>et</span> <span class='ocrx_word' id='word_1_151' title='bbox 942 2526 1158 2586; x_wconf 88' lang='lat' dir='ltr'>Penthesileae</span> <span class='ocrx_word' id='word_1_152' title='bbox 1174 2545 1315 2605; x_wconf 85' lang='lat' dir='ltr'>pugnam</span> 
     </span>
     <span class='ocr_line' id='line_1_22' title="bbox 143 2630 1313 2710; baseline 0.002 -19"><span class='ocrx_word' id='word_1_153' title='bbox 143 2650 237 2710; x_wconf 91' lang='lat' dir='ltr'>saepe</span> <span class='ocrx_word' id='word_1_154' title='bbox 247 2630 396 2691; x_wconf 83' lang='lat' dir='ltr'>referunt.</span> <span class='ocrx_word' id='word_1_155' title='bbox 429 2631 511 2693; x_wconf 83' lang='lat' dir='ltr'>Sunt</span> <span class='ocrx_word' id='word_1_156' title='bbox 523 2633 652 2710; x_wconf 91' lang='lat' dir='ltr'>quidem</span> <span class='ocrx_word' id='word_1_157' title='bbox 667 2630 997 2708; x_wconf 87' lang='lat' dir='ltr'>duovasa(Londin.B</span> <span class='ocrx_word' id='word_1_158' title='bbox 1011 2631 1085 2705; x_wconf 82' lang='lat'>213,</span> <span class='ocrx_word' id='word_1_159' title='bbox 1102 2632 1194 2705; x_wconf 83' lang='lat' dir='ltr'>infra,</span> <span class='ocrx_word' id='word_1_160' title='bbox 1212 2653 1243 2710; x_wconf 92' lang='lat' dir='ltr'>p.</span> <span class='ocrx_word' id='word_1_161' title='bbox 1261 2631 1313 2704; x_wconf 79' lang='lat'>61,</span> 
     </span>
     <span class='ocr_line' id='line_1_23' title="bbox 142 2736 1316 2819; baseline 0.002 -23"><span class='ocrx_word' id='word_1_162' title='bbox 142 2742 175 2797; x_wconf 87' lang='lat' dir='ltr'>et</span> <span class='ocrx_word' id='word_1_163' title='bbox 198 2737 321 2798; x_wconf 90' lang='lat' dir='ltr'>Monac.</span> <span class='ocrx_word' id='word_1_164' title='bbox 345 2736 420 2811; x_wconf 85' lang='grc'><strong>478,</strong></span> <span class='ocrx_word' id='word_1_165' title='bbox 445 2738 538 2812; x_wconf 77' lang='lat' dir='ltr'>infra,</span> <span class='ocrx_word' id='word_1_166' title='bbox 563 2760 594 2819; x_wconf 91' lang='lat' dir='ltr'>p.</span> <span class='ocrx_word' id='word_1_167' title='bbox 621 2737 675 2816; x_wconf 76' lang='lat'>80)</span> <span class='ocrx_word' id='word_1_168' title='bbox 697 2738 732 2799; x_wconf 91' lang='lat' dir='ltr'>in</span> <span class='ocrx_word' id='word_1_169' title='bbox 756 2738 872 2816; x_wconf 91' lang='lat' dir='ltr'>quibus</span> <span class='ocrx_word' id='word_1_170' title='bbox 896 2737 1030 2799; x_wconf 91' lang='lat' dir='ltr'>Achillis</span> <span class='ocrx_word' id='word_1_171' title='bbox 1047 2741 1078 2798; x_wconf 89' lang='lat' dir='ltr'>et</span> <span class='ocrx_word' id='word_1_172' title='bbox 1100 2736 1316 2799; x_wconf 87' lang='lat' dir='ltr'>Penthesileae</span> 
     </span>
     <span class='ocr_line' id='line_1_24' title="bbox 129 2828 1316 2923; baseline 0.001 -21"><span class='ocrx_word' id='word_1_173' title='bbox 129 2828 278 2903; x_wconf 59' lang='lat' dir='ltr'>&#39;nomina</span> <span class='ocrx_word' id='word_1_174' title='bbox 299 2841 453 2923; x_wconf 90' lang='lat' dir='ltr'>inscripta</span> <span class='ocrx_word' id='word_1_175' title='bbox 476 2849 559 2905; x_wconf 88' lang='lat' dir='ltr'>sunt.</span> <span class='ocrx_word' id='word_1_176' title='bbox 604 2845 667 2906; x_wconf 84' lang='lat' dir='ltr'>Sed</span> <span class='ocrx_word' id='word_1_177' title='bbox 690 2862 764 2904; x_wconf 87' lang='lat' dir='ltr'>cum</span> <span class='ocrx_word' id='word_1_178' title='bbox 787 2844 822 2903; x_wconf 91' lang='lat' dir='ltr'>in</span> <span class='ocrx_word' id='word_1_179' title='bbox 845 2844 943 2904; x_wconf 87' lang='lat' dir='ltr'>altera</span> <span class='ocrx_word' id='word_1_180' title='bbox 955 2843 1080 2923; x_wconf 89' lang='lat' dir='ltr'>pictura</span> <span class='ocrx_word' id='word_1_181' title='bbox 1095 2843 1265 2923; x_wconf 87' lang='lat' dir='ltr'>pedestres,</span> <span class='ocrx_word' id='word_1_182' title='bbox 1281 2843 1316 2903; x_wconf 91' lang='lat' dir='ltr'>in</span> 
     </span>
     <span class='ocr_line' id='line_1_25' title="bbox 142 2949 1317 3028; baseline 0.003 -20"><span class='ocrx_word' id='word_1_183' title='bbox 142 2949 242 3009; x_wconf 88' lang='lat' dir='ltr'>altera</span> <span class='ocrx_word' id='word_1_184' title='bbox 265 2953 424 3026; x_wconf 91' lang='lat' dir='ltr'>equestres</span> <span class='ocrx_word' id='word_1_185' title='bbox 447 2951 565 3028; x_wconf 84' lang='lat' dir='ltr'>figurae</span> <span class='ocrx_word' id='word_1_186' title='bbox 588 2951 662 3024; x_wconf 87' lang='lat' dir='ltr'>sint,</span> <span class='ocrx_word' id='word_1_187' title='bbox 686 2954 884 3011; x_wconf 88' lang='lat' dir='ltr'>constantem</span> <span class='ocrx_word' id='word_1_188' title='bbox 908 2955 940 3010; x_wconf 89' lang='lat' dir='ltr'>et</span> <span class='ocrx_word' id='word_1_189' title='bbox 962 2950 1061 3010; x_wconf 86' lang='lat' dir='ltr'>fixam</span> <span class='ocrx_word' id='word_1_190' title='bbox 1077 2950 1204 3011; x_wconf 80' lang='lat' dir='ltr'>fabulae</span> <span class='ocrx_word' id='word_1_191' title='bbox 1220 2950 1317 3011; x_wconf 91' lang='lat' dir='ltr'>inlus-</span> 
     </span>
     <span class='ocr_line' id='line_1_26' title="bbox 143 3053 1317 3135; baseline -0.001 -17"><span class='ocrx_word' id='word_1_192' title='bbox 143 3053 275 3118; x_wconf 79' lang='lat' dir='ltr'>nandae</span> <span class='ocrx_word' id='word_1_193' title='bbox 298 3054 452 3116; x_wconf 87' lang='lat' dir='ltr'>rationem</span> <span class='ocrx_word' id='word_1_194' title='bbox 469 3055 590 3115; x_wconf 92' lang='lat' dir='ltr'>nullam</span> <span class='ocrx_word' id='word_1_195' title='bbox 615 3056 712 3116; x_wconf 76' lang='lat' dir='ltr'>tuisse</span> <span class='ocrx_word' id='word_1_196' title='bbox 728 3056 936 3118; x_wconf 80' lang='lat' dir='ltr'>manifestum</span> <span class='ocrx_word' id='word_1_197' title='bbox 960 3061 1016 3119; x_wconf 90' lang='lat' dir='ltr'>est.</span> <span class='ocrx_word' id='word_1_198' title='bbox 1064 3059 1169 3135; x_wconf 90' lang='lat' dir='ltr'>Atque</span> <span class='ocrx_word' id='word_1_199' title='bbox 1185 3077 1259 3118; x_wconf 88' lang='lat' dir='ltr'>cum</span> <span class='ocrx_word' id='word_1_200' title='bbox 1282 3056 1317 3117; x_wconf 94' lang='lat' dir='ltr'>in</span> 
     </span>
     <span class='ocr_line' id='line_1_27' title="bbox 144 3159 1317 3240; baseline 0.001 -18"><span class='ocrx_word' id='word_1_201' title='bbox 144 3159 346 3240; x_wconf 87' lang='lat' dir='ltr'>Aethiopide,</span> <span class='ocrx_word' id='word_1_202' title='bbox 371 3182 388 3222; x_wconf 91' lang='lat' dir='ltr'>e</span> <span class='ocrx_word' id='word_1_203' title='bbox 411 3181 475 3239; x_wconf 93' lang='lat' dir='ltr'>quo</span> <span class='ocrx_word' id='word_1_204' title='bbox 499 3163 638 3223; x_wconf 90' lang='lat' dir='ltr'>carmine</span> <span class='ocrx_word' id='word_1_205' title='bbox 661 3163 771 3223; x_wconf 80' lang='lat' dir='ltr'>fabula</span> <span class='ocrx_word' id='word_1_206' title='bbox 799 3163 855 3223; x_wconf 92' lang='lat' dir='ltr'>illa</span> <span class='ocrx_word' id='word_1_207' title='bbox 888 3165 1004 3225; x_wconf 86' lang='lat' dir='ltr'>hausta</span> <span class='ocrx_word' id='word_1_208' title='bbox 1038 3169 1094 3238; x_wconf 90' lang='lat' dir='ltr'>est,</span> <span class='ocrx_word' id='word_1_209' title='bbox 1120 3163 1317 3225; x_wconf 90' lang='lat' dir='ltr'>Penthesilea</span> 
     </span>
     <span class='ocr_line' id='line_1_28' title="bbox 144 3267 1316 3348; baseline 0.003 -22"><span class='ocrx_word' id='word_1_210' title='bbox 144 3285 227 3346; x_wconf 89' lang='lat' dir='ltr'>equo</span> <span class='ocrx_word' id='word_1_211' title='bbox 249 3267 284 3327; x_wconf 91' lang='lat' dir='ltr'>in</span> <span class='ocrx_word' id='word_1_212' title='bbox 306 3286 414 3346; x_wconf 84' lang='lat' dir='ltr'>pugna</span> <span class='ocrx_word' id='word_1_213' title='bbox 436 3288 495 3330; x_wconf 91' lang='lat' dir='ltr'>usa</span> <span class='ocrx_word' id='word_1_214' title='bbox 517 3289 593 3343; x_wconf 85' lang='lat' dir='ltr'>esse,</span> <span class='ocrx_word' id='word_1_215' title='bbox 619 3273 656 3330; x_wconf 92' lang='lat' dir='ltr'>ut</span> <span class='ocrx_word' id='word_1_216' title='bbox 678 3268 762 3329; x_wconf 78' lang='lat' dir='ltr'>infra</span> <span class='ocrx_word' id='word_1_217' title='bbox 784 3268 974 3344; x_wconf 83' lang='lat' dir='ltr'>videbimus,</span> <span class='ocrx_word' id='word_1_218' title='bbox 999 3289 1101 3348; x_wconf 90' lang='lat' dir='ltr'>usque</span> <span class='ocrx_word' id='word_1_219' title='bbox 1124 3270 1229 3331; x_wconf 90' lang='lat' dir='ltr'>adhuc</span> <span class='ocrx_word' id='word_1_220' title='bbox 1252 3290 1316 3330; x_wconf 91' lang='lat' dir='ltr'>non</span> 
     </span>
     <span class='ocr_line' id='line_1_29' title="bbox 144 3373 1317 3455; baseline 0.002 -20"><span class='ocrx_word' id='word_1_221' title='bbox 144 3373 362 3435; x_wconf 88' lang='lat' dir='ltr'>demonstrata</span> <span class='ocrx_word' id='word_1_222' title='bbox 389 3374 439 3448; x_wconf 89' lang='lat' dir='ltr'>sit,</span> <span class='ocrx_word' id='word_1_223' title='bbox 464 3375 565 3455; x_wconf 88' lang='lat' dir='ltr'>pictor</span> <span class='ocrx_word' id='word_1_224' title='bbox 588 3375 717 3437; x_wconf 91' lang='lat' dir='ltr'>alterius</span> <span class='ocrx_word' id='word_1_225' title='bbox 752 3376 837 3437; x_wconf 85' lang='lat' dir='ltr'>vasis</span> <span class='ocrx_word' id='word_1_226' title='bbox 872 3377 1003 3437; x_wconf 89' lang='lat' dir='ltr'>nomina</span> <span class='ocrx_word' id='word_1_227' title='bbox 1037 3375 1155 3454; x_wconf 82' lang='lat' dir='ltr'>figuris,</span> <span class='ocrx_word' id='word_1_228' title='bbox 1181 3395 1261 3453; x_wconf 89' lang='lat' dir='ltr'>quae</span> <span class='ocrx_word' id='word_1_229' title='bbox 1284 3396 1317 3437; x_wconf 89' lang='lat' dir='ltr'>re</span> 
     </span>
    </p>
   </div>
   <div class='ocr_carea' id='block_1_3' title="bbox 144 3597 1440 4024">
    <p class='ocr_par' dir='ltr' id='par_1_9' title="bbox 220 3597 1089 3672">
     <span class='ocr_line' id='line_1_30' title="bbox 220 3597 1089 3672; baseline 0.003 -20"><span class='ocrx_word' id='word_1_230' title='bbox 220 3599 239 3666; x_wconf 89' lang='lat'>¹)</span> <span class='ocrx_word' id='word_1_231' title='bbox 259 3598 325 3653; x_wconf 86' lang='lat' dir='ltr'>Mus.</span> <span class='ocrx_word' id='word_1_232' title='bbox 346 3597 434 3668; x_wconf 76' lang='lat' dir='ltr'>Greg,</span> <span class='ocrx_word' id='word_1_233' title='bbox 453 3600 486 3667; x_wconf 89' lang='grc' dir='ltr'>ΙΙ,</span> <span class='ocrx_word' id='word_1_234' title='bbox 505 3601 561 3657; x_wconf 87' lang='lat' dir='ltr'>tab.</span> <span class='ocrx_word' id='word_1_235' title='bbox 582 3602 656 3667; x_wconf 85' lang='grc'><strong>69,1;</strong></span> <span class='ocrx_word' id='word_1_236' title='bbox 675 3600 762 3668; x_wconf 87' lang='lat' dir='ltr'>Klein,</span> <span class='ocrx_word' id='word_1_237' title='bbox 782 3601 962 3670; x_wconf 88' lang='lat' dir='ltr'>Euphronios,</span> <span class='ocrx_word' id='word_1_238' title='bbox 981 3618 1007 3672; x_wconf 91' lang='lat' dir='ltr'>p.</span> <span class='ocrx_word' id='word_1_239' title='bbox 1027 3600 1089 3656; x_wconf 83' lang='lat'>304.</span> 
     </span>
    </p>

    <p class='ocr_par' dir='ltr' id='par_1_10' title="bbox 216 3686 1169 3759">
     <span class='ocr_line' id='line_1_31' title="bbox 216 3686 1169 3759; baseline -0.002 -17"><span class='ocrx_word' id='word_1_240' title='bbox 216 3688 237 3754; x_wconf 84' lang='lat'>²)</span> <span class='ocrx_word' id='word_1_241' title='bbox 258 3687 344 3754; x_wconf 90' lang='lat' dir='ltr'>Klein,</span> <span class='ocrx_word' id='word_1_242' title='bbox 364 3686 469 3742; x_wconf 87' lang='lat' dir='ltr'>Grieeh.</span> <span class='ocrx_word' id='word_1_243' title='bbox 491 3688 577 3743; x_wconf 89' lang='lat' dir='ltr'>Vasen</span> <span class='ocrx_word' id='word_1_244' title='bbox 597 3690 645 3743; x_wconf 91' lang='lat' dir='ltr'>mit</span> <span class='ocrx_word' id='word_1_245' title='bbox 664 3688 937 3759; x_wconf 82' lang='lat' dir='ltr'>Meistcrsignaturen,</span> <span class='ocrx_word' id='word_1_246' title='bbox 957 3707 982 3758; x_wconf 92' lang='lat' dir='ltr'>p.</span> <span class='ocrx_word' id='word_1_247' title='bbox 1004 3690 1063 3755; x_wconf 76' lang='lat'>125,</span> <span class='ocrx_word' id='word_1_248' title='bbox 1083 3705 1125 3744; x_wconf 90' lang='lat' dir='ltr'>no.</span> <span class='ocrx_word' id='word_1_249' title='bbox 1147 3689 1169 3741; x_wconf 92' lang='lat'>1.</span> 
     </span>
    </p>

    <p class='ocr_par' dir='ltr' id='par_1_11' title="bbox 144 3775 1440 3936">
     <span class='ocr_line' id='line_1_32' title="bbox 214 3775 1440 3847; baseline -0.001 -18"><span class='ocrx_word' id='word_1_250' title='bbox 214 3777 237 3843; x_wconf 70' lang='grc'>3)</span> <span class='ocrx_word' id='word_1_251' title='bbox 257 3775 371 3844; x_wconf 88' lang='lat' dir='ltr'>Urlichs,</span> <span class='ocrx_word' id='word_1_252' title='bbox 400 3775 582 3831; x_wconf 86' lang='lat' dir='ltr'>Verzeichniss</span> <span class='ocrx_word' id='word_1_253' title='bbox 610 3778 657 3832; x_wconf 89' lang='lat' dir='ltr'>der</span> <span class='ocrx_word' id='word_1_254' title='bbox 685 3776 954 3847; x_wconf 85' lang='lat' dir='ltr'>Antikensammlung</span> <span class='ocrx_word' id='word_1_255' title='bbox 978 3777 1024 3831; x_wconf 91' lang='lat' dir='ltr'>der</span> <span class='ocrx_word' id='word_1_256' title='bbox 1044 3777 1120 3834; x_wconf 89' lang='lat' dir='ltr'>Univ.</span> <span class='ocrx_word' id='word_1_257' title='bbox 1148 3776 1317 3846; x_wconf 81' lang='lat' dir='ltr'>Wuerzburg,</span> <span class='ocrx_word' id='word_1_258' title='bbox 1436 3820 1440 3828; x_wconf 91' lang='lat'>.</span> 
     </span>
     <span class='ocr_line' id='line_1_33' title="bbox 144 3864 984 3936; baseline 0 -18"><span class='ocrx_word' id='word_1_259' title='bbox 144 3865 222 3932; x_wconf 85' lang='grc'><strong>1865,</strong></span> <span class='ocrx_word' id='word_1_260' title='bbox 241 3881 268 3935; x_wconf 91' lang='lat' dir='ltr'>p.</span> <span class='ocrx_word' id='word_1_261' title='bbox 286 3865 330 3931; x_wconf 79' lang='lat'>50,</span> <span class='ocrx_word' id='word_1_262' title='bbox 350 3880 393 3919; x_wconf 89' lang='lat' dir='ltr'>no.</span> <span class='ocrx_word' id='word_1_263' title='bbox 412 3865 459 3930; x_wconf 82' lang='lat'>873</span> <span class='ocrx_word' id='word_1_264' title='bbox 480 3864 549 3921; x_wconf 82' lang='lat' dir='ltr'>Rull.</span> <span class='ocrx_word' id='word_1_265' title='bbox 568 3867 629 3921; x_wconf 86' lang='lat' dir='ltr'>dell&#39;</span> <span class='ocrx_word' id='word_1_266' title='bbox 650 3867 723 3933; x_wconf 81' lang='lat' dir='ltr'>lnst,</span> <span class='ocrx_word' id='word_1_267' title='bbox 745 3867 824 3933; x_wconf 80' lang='lat'>1860,</span> <span class='ocrx_word' id='word_1_268' title='bbox 844 3884 870 3935; x_wconf 90' lang='lat' dir='ltr'>p.</span> <span class='ocrx_word' id='word_1_269' title='bbox 890 3868 925 3921; x_wconf 81' lang='lat'>35</span> <span class='ocrx_word' id='word_1_270' title='bbox 944 3883 984 3936; x_wconf 88' lang='lat' dir='ltr'>sq.</span> 
     </span>
    </p>

    <p class='ocr_par' dir='ltr' id='par_1_12' title="bbox 215 3953 1318 4024">
     <span class='ocr_line' id='line_1_34' title="bbox 215 3953 1318 4024; baseline 0.002 -18"><span class='ocrx_word' id='word_1_271' title='bbox 215 3954 237 4021; x_wconf 91' lang='lat'>⁴)</span> <span class='ocrx_word' id='word_1_272' title='bbox 256 3953 298 4006; x_wconf 85' lang='lat' dir='ltr'>lta</span> <span class='ocrx_word' id='word_1_273' title='bbox 316 3953 503 4022; x_wconf 68' lang='lat' dir='ltr'>Kluegmann„</span> <span class='ocrx_word' id='word_1_274' title='bbox 522 3955 590 4012; x_wconf 78' lang='lat' dir='ltr'>Ann,</span> <span class='ocrx_word' id='word_1_275' title='bbox 611 3954 673 4009; x_wconf 91' lang='lat' dir='ltr'>dell&#39;</span> <span class='ocrx_word' id='word_1_276' title='bbox 692 3956 768 4017; x_wconf 84' lang='lat' dir='ltr'>lust,</span> <span class='ocrx_word' id='word_1_277' title='bbox 795 3955 869 4018; x_wconf 88' lang='grc'><strong>1874,</strong></span> <span class='ocrx_word' id='word_1_278' title='bbox 894 3972 921 4024; x_wconf 92' lang='lat' dir='ltr'>p.</span> <span class='ocrx_word' id='word_1_279' title='bbox 940 3955 1000 4009; x_wconf 82' lang='lat'>205.</span> <span class='ocrx_word' id='word_1_280' title='bbox 1037 3955 1180 4008; x_wconf 88' lang='lat' dir='ltr'>Praeterea</span> <span class='ocrx_word' id='word_1_281' title='bbox 1198 3953 1318 4024; x_wconf 89' lang='lat' dir='ltr'>picturae</span> 
     </span>
    </p>
   </div>
   <div class='ocr_carea' id='block_1_4' title="bbox 142 4041 1318 4184">
    <p class='ocr_par' dir='ltr' id='par_1_13' title="bbox 142 4041 1318 4184">
     <span class='ocr_line' id='line_1_35' title="bbox 143 4041 1318 4114; baseline 0.002 -18"><span class='ocrx_word' id='word_1_282' title='bbox 143 4041 171 4096; x_wconf 90' lang='lat' dir='ltr'>in</span> <span class='ocrx_word' id='word_1_283' title='bbox 190 4041 288 4111; x_wconf 89' lang='lat' dir='ltr'>quibus</span> <span class='ocrx_word' id='word_1_284' title='bbox 306 4041 458 4096; x_wconf 84' lang='lat' dir='ltr'>Amazones</span> <span class='ocrx_word' id='word_1_285' title='bbox 476 4042 601 4098; x_wconf 87' lang='lat' dir='ltr'>victrices</span> <span class='ocrx_word' id='word_1_286' title='bbox 620 4047 683 4098; x_wconf 88' lang='lat' dir='ltr'>sunt</span> <span class='ocrx_word' id='word_1_287' title='bbox 701 4043 800 4113; x_wconf 71' lang='lat' dir='ltr'>plures</span> <span class='ocrx_word' id='word_1_288' title='bbox 829 4059 909 4114; x_wconf 87' lang='lat' dir='ltr'>quam</span> <span class='ocrx_word' id='word_1_289' title='bbox 938 4042 1042 4112; x_wconf 82' lang='lat' dir='ltr'>putavit</span> <span class='ocrx_word' id='word_1_290' title='bbox 1059 4043 1098 4097; x_wconf 87' lang='lat' dir='ltr'>vir</span> <span class='ocrx_word' id='word_1_291' title='bbox 1122 4043 1228 4111; x_wconf 87' lang='lat' dir='ltr'>doctus,</span> <span class='ocrx_word' id='word_1_292' title='bbox 1256 4058 1318 4099; x_wconf 86' lang='lat' dir='ltr'>esse</span> 
     </span>
     <span class='ocr_line' id='line_1_36' title="bbox 142 4129 273 4184; baseline -0.023 0"><span class='ocrx_word' id='word_1_293' title='bbox 142 4129 273 4184; x_wconf 73' lang='lat' dir='ltr'>videntur.</span> 
     </span>
    </p>
   </div>
   <div class='ocr_carea' id='block_1_5' title="bbox 0 0 1466 4650">
    <p class='ocr_par' dir='ltr' id='par_1_14' title="bbox 0 0 1466 4650">
     <span class='ocr_line' id='line_1_37' title="bbox 0 0 1466 4650; baseline 0 0"><span class='ocrx_word' id='word_1_294' title='bbox 0 0 1466 4650; x_wconf 95' lang='lat' dir='ltr'> </span> 
     </span>
    </p>
   </div>
  </div>
 </body>
</html>
