2910 4650
612 343 832 409 ..35-

138 539 208 599 zoni
231 538 271 599 ab
294 537 423 616 Hygino
433 531 453 616 ¹)
476 542 508 599 et
529 558 549 600 a
571 539 741 601 scholiasta
767 541 802 600 in
828 534 996 618 iliadem²)
1025 540 1138 602 datum
1157 545 1223 614 >est;
1252 541 1308 604 sed

137 642 226 703 nulio
248 642 326 717 loeo,
361 648 519 721 quantum
542 646 617 719 scio,
641 646 697 723 qui
720 645 760 706 ad
784 645 930 707 Herculis
949 665 1094 724 ¹pugnam
1117 650 1248 726 spectat,
1264 666 1308 708 re·

138 749 270 826 pentum
295 752 404 809 contra
427 749 580 810 Telamon
601 751 637 811 in
659 750 720 810 hac
752 769 859 830 pugna
881 751 1085 830 Melanippen
1113 751 1307 814 interfecisse

139 846 295 932 dieitur.³)
340 852 403 915 Sed
425 854 489 915 duo
516 855 651 935 pictores
679 854 766 916 idem
793 875 910 917 nomen
940 856 1098 918 invenisse
1125 856 1181 919 vix
1203 857 1308 918 verisi-

138 959 213 1019 mile
235 959 374 1042 nestun
399 964 495 1038 atque
514 961 550 1022 in
572 959 643 1022 aliis
666 980 791 1039 pugnae
814 961 985 1023 momentis
1013 961 1092 1025 alias
1114 961 1309 1030 adversarias

138 1064 290 1124 Telamon
323 1063 472 1126 invadere
505 1067 619 1145 potuit.
670 1066 783 1145 Itaque
811 1067 908 1128 etiam
935 1067 996 1128 hoc
1029 1086 1147 1129 nomen
1173 1068 1309 1146 pictores

137 1169 269 1230 fortasse
285 1188 305 1228 a
319 1153 430 1231 fabula
452 1172 648 1249 petiverunt;
667 1191 863 1251 quamquam
885 1171 921 1232 id
943 1191 1008 1234 non
1023 1172 1173 1236 omnibus
1196 1155 1309 1234 notum

137 1274 235 1334 inisse
252 1293 291 1333 ex
315 1293 351 1335 eo
367 1275 508 1355 adparet,
532 1276 619 1355 quod
642 1277 676 1337 in
694 1277 757 1343 alio
772 1296 845 1339 vase
853 1272 877 1355 ⁴)
900 1277 1081 1341 Telamonis
1096 1277 1197 1345 hostis
1212 1278 1309 1340 Toxis

138 1379 325 1457 adpellatur.
356 1435 360 1446 ,

227 1485 365 1547 Pictores
386 1485 483 1564 igitur
497 1487 629 1548 nomina
644 1479 791 1551 Herculis
812 1492 844 1550 et
858 1488 1049 1570 Telamonis,
1067 1487 1309 1551 Andromaches

141 1594 172 1651 et
194 1590 327 1652 fortasse
350 1591 484 1655 Glauces
508 1612 524 1653 e
547 1593 658 1655 tabula
681 1593 955 1674 deprompserunt.

229 1696 299 1756 Iam
326 1696 366 1757 de
387 1696 464 1759 locis
487 1697 575 1778 apud
590 1697 756 1777 scriptores
779 1697 821 1759 ad
843 1697 977 1760 eandem
992 1717 1060 1759 rem
1075 1698 1308 1778 pertinentibus

139 1801 356 1878 quaerendum
384 1807 439 1864 est.
486 1804 533 1863 Ao
566 1802 709 1882 primum
743 1803 874 1883 quidem
908 1803 1064 1865 Pindarus
1092 1802 1242 1865 Herculis
1277 1807 1309 1863 et

140 1906 320 1968 Telamonis
336 1907 548 1987 expeditionis
559 1909 756 1970 mentionem
771 1908 857 1984 facit,
874 1909 1024 1987 idemque
1036 1908 1168 1970 Herculi
1180 1908 1309 1969 Troiam

139 2013 343 2091 expugnanti,
368 2013 512 2092 Meropes
534 2013 682 2089 vincenti,
707 2015 868 2094 Alcyonae
881 2014 1084 2076 interficienti
1100 2014 1307 2080 Telamonem

142 2118 290 2178 comitem
312 2118 411 2180 fuisse
434 2112 576 2197 tradit⁵);
612 2120 698 2180 unde
732 2120 876 2181 fabulam
904 2120 943 2181 de
965 2120 1137 2181 Telamone
1160 2119 1309 2181 Herculis

142 2223 256 2284 comite
278 2223 407 2284 Pindari
430 2227 532 2285 aetate
554 2225 704 2287 omnibus
727 2231 837 2287 notam
860 2224 958 2288 fuisse
986 2225 1063 2286 satis
1093 2229 1195 2304 patet;
1225 2224 1310 2302 quod

140 2347 157 2387 e
180 2328 320 2407 picturis,
354 2348 491 2407 quarum
520 2331 686 2410 conplures
719 2331 770 2392 vel
798 2319 990 2408 antiquiores
1013 2334 1098 2403 sunt,
1123 2330 1220 2391 etiam
1243 2330 1311 2393 sine

140 2434 330 2512 scriptorum
353 2436 536 2497 testimonio
560 2437 700 2498 conicere
722 2436 839 2498 liceret.
887 2435 958 2507 Quo
992 2435 1030 2496 fit
1063 2440 1100 2496 ut
1126 2436 1193 2496 veri
1214 2435 1311 2498 simil·

140 2539 218 2600 lima
241 2540 282 2602 sit
305 2540 434 2601 Roberti
460 2541 520 2603 viri
554 2541 731 2604 doctissimi
766 2534 985 2619 coniecturali
1022 2560 1150 2603 carmen
1185 2542 1311 2619 epicum

140 2644 303 2722 quoddam
326 2646 434 2720 luisse,
458 2646 492 2707 in
516 2666 579 2724 quo
602 2646 680 2708 haec
703 2647 820 2720 omnia,
851 2646 968 2726 quibus
995 2647 1149 2707 Telamon
1177 2645 1311 2719 intersit,

140 2750 300 2830 expeditio
324 2756 433 2812 eontra
454 2753 640 2826 Amazones,
658 2753 768 2814 Troiae
784 2751 986 2832 expugnate,
1011 2751 1179 2830 Meropum
1195 2750 1310 2824 clades,

141 2857 318 2935 Alcyoneos
341 2875 436 2930 mors,
460 2862 587 2918 narrata
609 2862 722 2920 essent.
770 2857 864 2929 Quod
887 2876 1024 2931 carmen,
1054 2861 1092 2918 ut
1113 2855 1256 2935 picturae
1278 2855 1312 2917 in

141 2961 372 3040 antiquissimis
387 2962 470 3024 vasis
486 2962 714 3038 demonstrant,
731 2968 804 3043 post
818 2963 901 3026 sexti
913 2962 1030 3026 saeculi
1044 2962 1175 3038 initium
1190 2957 1313 3023 factum

140 3086 208 3128 esse
224 3088 289 3129 non
307 3072 420 3147 potest,
433 3068 534 3129 immo
548 3088 622 3131 vero
634 3069 797 3147 aliquanto
813 3068 977 3146 antiquius
992 3068 1068 3140 fuit3
1085 3088 1163 3129 nam
1178 3068 1314 3149 pictores

140 3191 256 3250 poema
277 3193 342 3234 non
365 3173 475 3235 statim
498 3179 669 3253 postquam
692 3179 798 3236 ortum
821 3179 869 3237 est
889 3174 1106 3237 inlustravisse
1122 3173 1188 3235 veri
1210 3173 1314 3235 simile

141 3282 197 3339 est.
241 3278 351 3357 Neque
367 3283 440 3340 ante
456 3280 559 3341 octavi
571 3280 688 3342 saeculi
698 3280 796 3341 finem
812 3280 978 3342 conditum
994 3284 1054 3351 est;
1068 3298 1144 3340 nam
1154 3277 1265 3339 fabula
1276 3278 1316 3339 de
1431 3304 1437 3317 ·

140 3383 301 3463 Alcyoneo
312 3384 347 3445 in
358 3384 484 3446 Pallene
495 3385 661 3447 interiecto
671 3387 830 3465 antiquior
842 3404 940 3465 quam
951 3383 1091 3445 coloniae
1103 3404 1123 3444 a
1133 3383 1271 3457 Graecis,
1281 3383 1316 3444 in

140 3488 253 3567 primis
276 3490 482 3552 aPellenaeis
500 3496 532 3553 et
549 3492 731 3566 Corinthiis,
755 3492 790 3552 in
813 3510 865 3554 eas
889 3510 958 3552 oras
982 3489 1136 3551 deductae
1160 3507 1227 3551 esse
1251 3508 1316 3549 non

141 3589 310 3673 videtur⁰);
346 3614 425 3675 quas
448 3596 587 3658 colonias
621 3598 685 3658 fere
714 3597 817 3660 octavi
841 3596 958 3659 saeculi
986 3596 1050 3654 fine
1073 3593 1226 3659 deductas
1249 3611 1316 3654 esse

214 3730 236 3799 ¹)
253 3729 350 3803 Hygin.
371 3730 426 3788 fab.
445 3733 505 3786 163.

212 3821 233 3886 ²)
253 3817 344 3873 Schol.
363 3818 391 3873 in
410 3819 441 3875 Il.
463 3819 492 3888 Γ,
512 3821 573 3877 189.

212 3906 236 3974 ³)
256 3905 347 3961 Schol.
364 3906 439 3962 PInd.
459 3906 534 3965 Nem.
554 3908 602 3976 III,
620 3908 655 3964 64
674 3908 744 3979 (38).

212 3995 234 4061 ⁴)
253 3994 323 4049 Mon.
343 3995 407 4050 dell’
425 3995 500 4062 Inst,
518 3994 588 4063 VIII,
607 3997 661 4052 tab.
681 3998 709 4055 6.

214 4084 233 4148 ⁶)
253 4082 328 4137 Pind.
347 4081 423 4138 Nem.
442 4082 488 4150 III,
506 4084 541 4138 36
560 4098 635 4154 sqq.;
654 4083 844 4155 IV,251qq.;
864 4084 930 4140 lsth.
949 4083 984 4138 VI
1004 4083 1058 4154 (V),
1077 4083 1112 4138 27
1131 4097 1192 4154 sqq.

213 4172 234 4239 ⁶)
253 4169 377 4238 Hermes,
395 4169 465 4238 XIII,
484 4187 512 4239 p.
530 4170 591 4228 485.
1118 4239 1151 4294 3*
