2910 4650
653 326 873 391 ...37-

153 543 295 601 pugnam
318 522 543 583 Amazonicam
566 521 606 582 ab
629 522 885 599 Argonautarum
912 520 1116 601 expeditione
1143 521 1279 601 seiungit
1288 516 1319 601 ¹),

153 634 184 690 et
206 629 241 689 in
264 647 301 688 ea
315 648 348 689 re
363 626 521 688 narranda
536 625 704 687 Metridem
720 626 887 700 rhetorem,
904 647 969 688 non
985 626 1177 705 Dionysium
1193 630 1320 690 secutus

152 726 239 810 6612).
285 733 433 811 Hyginus
457 749 583 810 quoque
605 731 640 792 in
662 730 772 792 fabula
787 730 827 793 de
849 723 1095 809 Laomedonte⁸)
1117 731 1318 812 Dionysium,

152 844 188 900 ut
203 859 219 899 6
232 837 362 900 Diodori
377 839 518 899 locorum
536 836 758 916 conparatione
779 836 918 915 adparet,
936 837 1105 916 excerpsit;
1131 837 1187 898 sed
1201 857 1319 900 nomen

150 943 268 1005 Priami
283 939 343 1002 ἀπὸ
360 942 412 1002 τοῦ
429 937 575 1025 spriada
592 942 726 1004 ductum
737 941 830 1003 docet
844 962 919 1003 eum
934 942 1205 1005 narratiunculam
1220 963 1319 1022 quam

149 1049 235 1128 apud
258 1048 488 1128 Apollodorum
511 1047 651 1109 vidimus
674 1066 739 1108 non
761 1067 889 1127 prorsus
902 1047 1112 1126 ignoravisse.

237 1154 289 1215 Ad
312 1154 444 1215 alteram
468 1154 601 1215 classem
616 1152 781 1214 referenda
796 1158 844 1214 est
859 1153 1044 1232 Apollodori
1059 1155 1198 1216 narratio
1204 1147 1237 1232 ⁴),
1262 1156 1318 1234 qui

146 1259 224 1319 haec
248 1258 357 1320 omnia
379 1259 419 1320 ab
442 1260 697 1337 Argonautarum
720 1259 921 1339 expeditione
943 1263 1077 1339 separat.
1124 1260 1209 1322 Dicit
1231 1261 1318 1323 enirn

146 1365 329 1438 Herculem,
354 1383 429 1425 cum
464 1364 504 1425 ab
532 1365 710 1445 Eurystheo
744 1365 862 1427 missus
896 1366 1072 1427 Amazones
1103 1365 1239 1440 vicisset,
1275 1364 1317 1427 ad

147 1471 274 1531 'lhoiam
291 1471 423 1544 venisse,
441 1474 473 1531 et
483 1471 669 1546 Hesionam,
686 1474 827 1534 monstro
842 1472 1017 1544 interfecto,
1029 1470 1224 1543 liberavisse3
1242 1490 1317 1533 curn

148 1578 256 1636 autem
279 1574 462 1637 Laomedon
485 1595 583 1655 equas
605 1576 777 1657 promissas
801 1576 875 1638 dare
909 1576 1071 1651 noluisset,
1097 1595 1172 1638 eum
1194 1576 1316 1638 bellum'
1393 1567 1396 1573 ’

148 1681 397 1743 comminantem
420 1681 544 1757 abiisse,
569 1688 688 1762 postea,
713 1671 788 1744 cum
810 1681 991 1757 revenisset,
1019 1681 1132 1744 urbem
1155 1685 1316 1761 oppugna-

145 1786 241 1859 visse;
266 1788 431 1850 Telamoni
453 1793 570 1863 autem,
596 1789 651 1867 qui
674 1788 797 1869 primus
831 1787 865 1848 in
899 1786 1056 1866 oppidum
1078 1788 1314 1867 penetravisset,

144 1892 320 1953 Hesionam
342 1894 470 1956 virtutis
492 1896 673 1974 praemium
696 1894 834 1967 dedisse3
870 1912 969 1973 quarn
1001 1894 1131 1955 fratrem
1154 1893 1315 1955 Podarcen

143 1998 300 2060 velamine
322 1999 508 2072 redemisse;
534 1999 649 2062 deinde
666 2000 846 2074 Herculem,
864 2019 939 2061 cum
954 2002 1144 2079 tempestate
1159 2000 1201 2061 ad
1213 2000 1315 2062 Coum

143 2103 283 2165 insulam
305 2105 455 2168 adflictus
467 2106 610 2185 Meropes
632 2105 768 2180 vicisset,
786 2106 827 2167 ad
838 2105 1005 2182 Phlegram
1021 2104 1153 2167 venisse.
1199 2106 1239 2166 In
1254 2105 1315 2167 hac

144 2210 322 2272 narratione
345 2211 428 2272 nihil
452 2211 491 2273 de
514 2211 610 2273 modo
633 2231 697 2290 quo
719 2211 873 2273 Hercules
896 2215 1076 2273 monstrum
1098 2209 1312 2283 trucidaverit,

142 2334 246 2392 neque
269 2315 308 2376 de
331 2297 525 2379 mortalibus
534 2318 624 2396 equis
639 2338 696 2397 pro
707 2316 930 2378 inmortalibus
946 2316 1029 2377 datis
1045 2315 1169 2377 dicitur.
1205 2315 1313 2376 Etiam
1426 2343 1428 2346 ⁴

142 2423 251 2480 auctor
263 2420 390 2483 tabulae
401 2422 612 2483 Farnesianae
624 2441 752 2501 eaquae
764 2421 804 2483 de
813 2422 955 2483 Hesiona
969 2421 1142 2500 postCium
1150 2419 1312 2481 conditam

141 2524 282 2600 liberata,
307 2524 480 2589 deliciae
503 2528 745 2608 expugnatione,
770 2527 809 2588 de
833 2528 896 2588 Coo
920 2531 1013 2606 capta
1027 2521 1154 2603 tradit⁵)
1177 2544 1194 2585 e
1214 2525 1312 2587 simili

141 2632 229 2692 fonte
252 2631 397 2694 hausisse
419 2632 562 2706 videtum
588 2634 644 2696 sed
656 2653 693 2695 ea
715 2652 797 2711 quae
820 2632 882 2694 alio
905 2625 1010 2710 looo⁰>
1033 2632 1072 2693 de
1095 2631 1311 2694 Amazonibus

140 2736 246 2811 habet,
270 2742 381 2798 utrum
404 2737 508 2798 eidem
531 2759 573 2799 an
596 2739 651 2800 alii
673 2738 818 2819 scriptori
841 2738 1024 2812 debeantur,
1050 2756 1165 2816 parum
1189 2742 1311 2798 certum

141 2847 199 2903 est.
246 2843 409 2904 Postremo
432 2844 496 2905 lere
521 2844 633 2907 eadem
656 2844 695 2906 de
719 2844 821 2906 Coum
844 2843 933 2904 clade
956 2844 1051 2904 refert
1073 2842 1268 2922 Pherecydes
1276 2837 1308 2921 l).

226 2949 296 3009 Iam
318 2949 397 3011 locis
419 2950 502 3010 inter
525 2970 558 3012 se
581 2949 768 3029 conparatis,
792 2949 997 3029 perspicuum
1014 2951 1062 3009 est
1079 2949 1310 3029 Apollodorum

140 3073 180 3114 ex
196 3053 258 3114 alio
274 3054 362 3115 tonte
385 3059 480 3133 atque
496 3055 700 3117 Hellanicum
715 3054 868 3116 hausisse.
915 3056 1021 3133 Atque
1044 3074 1121 3117 cum
1143 3054 1206 3116 alia
1228 3073 1310 3133 quae

139 3158 179 3219 de
202 3159 350 3221 Herculis
373 3159 469 3222 athiis
492 3159 597 3234 tradit,
614 3160 702 3223 velut
723 3160 779 3222 illa
801 3160 841 3222 de
856 3160 969 3223 avibus
985 3160 1262 3241 Stymphalidibus
1278 3165 1310 3222 et

211 3331 230 3396 ¹)
249 3329 327 3384 Diod.
348 3329 399 3385 Sic.
419 3330 464 3398 IV,
484 3333 525 3386 16.

209 3421 230 3484 ²)
249 3417 342 3485 Bethe,
361 3418 378 3476 l.
391 3418 418 3485 1.,
437 3435 464 3489 p.
477 3419 512 3472 41
525 3436 600 3491 sqq.;
618 3418 725 3488 Holzer,
745 3419 847 3486 Matris,
866 3420 908 3475 ein
927 3419 1036 3489 Beitrag
1054 3435 1100 3474 zur
1111 3419 1308 3488 Quellenlrritilr

136 3503 261 3572 Diodors‚
281 3504 372 3574 Tueb,
394 3508 472 3561 1881.

208 3594 230 3658 ⁸)
249 3591 318 3665 Hyg.
338 3592 391 3648 fab.
412 3595 454 3649 89.

209 3680 229 3748 ⁴)
248 3680 375 3751 Apollod.
396 3681 466 3737 Bibl.
484 3683 518 3749 Il,
537 3684 562 3749 5,
582 3684 607 3749 9,
626 3683 727 3753 7-123
755 3685 780 3750 6,
799 3683 877 3750 4-7,
898 3685 921 3737 1.
954 3683 996 3739 Ab
1015 3682 1181 3754 Apollodoro
1199 3685 1308 3754 sumpta

136 3770 198 3821 sunt
216 3783 249 3821 ea
267 3782 319 3838 que
337 3768 447 3823 Tretres
465 3769 501 3823 ad
519 3769 638 3842 Lycoph.
657 3770 734 3825 Alex.
755 3771 823 3825 1327
842 3770 933 3826 refert.

208 3856 229 3922 ⁸)
248 3855 482 3924 Jahn-Michaelis,
501 3856 608 3913 Griech.
627 3858 873 3928 Bilderchroniken,
891 3877 919 3929 p.
938 3860 973 3915 69
991 3875 1033 3931 sq.

207 3944 229 4010 ⁶)
248 3942 481 4012 Jahn-Michaelis,
500 3945 517 3999 l.
536 3945 564 4014 1.,
582 3962 609 4016 p.
623 3948 665 4002 72.

208 4031 228 4096 ⁷)
247 4029 393 4102 Pherecyd.
404 4029 436 4086 fr.
449 4032 493 4100 ³5,
506 4033 580 4101 apud
589 4034 706 4103 Mueller,
720 4033 798 4105 Frag.
811 4035 873 4094 hist.
887 4036 991 4104 Graec,
1010 4037 1032 4104 l,
1043 4053 1070 4108 p.
1084 4038 1134 4104 81,
1147 4036 1181 4093 cf.
1195 4037 1304 4105 Robert,

135 4117 169 4171 de
187 4117 345 4186 Apollodori
364 4118 541 4188 Bibliotheca,
560 4121 655 4192 Berol,
675 4124 753 4191 1873,
772 4140 800 4193 p.
819 4124 864 4181 67.
