2910 4650
612 328 831 394 ..43-

138 525 178 601 (51
201 524 331 603 quidem
354 542 403 586 res
426 543 524 603 quam
548 524 645 586 habet
667 524 831 602 cingulum
854 525 913 602 est)
935 529 1145 599 manutenet,
1169 523 1203 584 id
1219 522 1312 602 quodi

137 631 286 709 ineptum
309 634 398 703 essct,
423 629 510 691 sica
532 631 675 691 Amazon
698 650 796 708 quam
818 630 1041 691 interfecturus
1064 634 1112 691 est
1134 630 1204 709 ipsa
1225 628 1304 708 Hip·

137 736 249 815 polyta
271 739 362 797 esset.
408 735 570 796 Postremo
594 736 635 797 ad
658 735 804 797 Herculis
827 739 859 797 et
881 736 1076 814 Hippolytae
1099 734 1303 812 colloquium,

139 841 227 919 quod
249 841 288 902 de
310 840 435 918 cingulo
458 841 613 903 tradendo
641 845 714 902 ante
736 848 878 920 pugnam
905 841 1099 914 habuerunt,
1127 858 1203 901 vasa
1230 855 1310 899 nont

138 946 228 1007 nulla
250 945 353 1009 rubris
377 947 485 1025 figuris
508 947 777 1026 pulchrigeneris
800 950 911 1007 ornata
921 939 942 1023 ¹)
969 946 1129 1025 pertinent
1156 963 1237 1024 quae
1265 944 1305 1005 ad

137 1052 282 1113 fabulam
316 1052 522 1131 posteriorem
556 1053 689 1115 fortasse
723 1073 743 1114 a
769 1052 903 1114 Metrido
937 1052 1061 1113 rhetore
1095 1050 1306 1128 excogitatam

136 1177 202 1219 non
224 1157 390 1219 referenda
412 1151 524 1236 sunt.²)
1307 1157 1312 1183 ³

701 1352 744 1413 11.

227 1473 385 1552 Sequitur,
409 1478 447 1535 ut
469 1473 509 1534 de
530 1475 663 1554 picturis
686 1475 802 1552 quibus
826 1476 965 1537 Theseus
1000 1475 1174 1536 celebratur
1204 1473 1308 1554 pauca

139 1578 293 1641 dicamus.
341 1578 450 1657 Pugna
473 1583 570 1657 quam
593 1580 621 1641 is
644 1599 718 1641 cum
739 1581 954 1642 Amazonibus
982 1581 1165 1642 conmisisse
1180 1578 1305 1651 dicitur,

140 1702 336 1761 quamquam
358 1684 393 1744 in
415 1685 641 1764 posterioribus
656 1685 739 1747 vasis
756 1685 882 1765 saepius
906 1685 1046 1765 adparet,
1070 1685 1105 1745 in
1128 1683 1307 1762 antiquissi-

138 1789 202 1850 mis
224 1792 402 1866 numquam
427 1790 588 1869 reperitur.
636 1790 698 1851 Sed
725 1810 827 1869 pauca
849 1810 925 1853 vasa
958 1790 999 1851 ad
1022 1793 1159 1851 aetatem
1182 1788 1221 1850 de
1244 1788 1308 1867 q'uo

137 1894 264 1972 agimus
287 1895 453 1957 referenda
468 1895 626 1974 Antiopae
648 1900 776 1974 raptum
800 1891 987 1974 exhibenti).

227 1999 370 2070 Quorum
392 2019 541 2064 vasorum
564 2000 628 2062 duo
651 2004 727 2062 sunt
748 2000 846 2079 nigris
862 2002 969 2080 figuris
985 2001 1164 2081 posterioris
1186 1998 1310 2080 generis·

137 2109 264 2167 ornata:
1253 2105 1255 2111 '

229 2212 394 2291 Amphora
422 2212 544 2272 Monac.
569 2205 635 2289 7⁴):
660 2212 800 2274 Theseus
824 2211 942 2289 (inscr.)
972 2212 1123 2274 barbatus
1158 2215 1189 2272 et
1212 2209 1308 2271 armis

139 2316 315 2379 instructus
338 2316 372 2377 in
395 2316 571 2395 quadrigas,
608 2316 719 2378 dextro
741 2317 822 2397 pede
849 2317 915 2378 iam
937 2318 972 2379 in
995 2336 1087 2379 curru
1116 2316 1229 2396 posito,
1245 2338 1248 2342 “
1264 2313 1313 2375 in··

145 2441 314 2484 scansurus
342 2426 398 2484 est.
446 2423 565 2484 Dextra
587 2423 760 2501 Antiopam
787 2421 905 2499 (inser.)
931 2423 1099 2502 amplexus
1121 2425 1217 2482 tenet.
1264 2420 1312 2480 Ea

142 2527 293 2606 Scythica
315 2531 410 2602 veste,
435 2528 540 2603 mitra,
575 2528 723 2607 pharetra
745 2528 871 2588 munita
903 2529 938 2588 in
961 2547 1054 2589 curru
1077 2529 1159 2589 inter
1182 2545 1256 2587 eum
1279 2529 1311 2586 ct

141 2633 279 2695 militem
310 2632 442 2709 (litteras
476 2652 574 2712 prope
608 2633 750 2712 scriptas,
786 2632 992 2694 difficillimas
1027 2635 1120 2707 lectu,
1155 2630 1310 2695 Jahnium

140 2742 224 2798 recte
246 2738 489 2817 interpretatum
512 2756 579 2798 essc
601 2757 666 2798 non
690 2736 802 2815 credo),
838 2737 894 2814 qui
928 2737 1053 2815 aurigae
1087 2756 1218 2798 munere
1240 2721 1328 2796 funs

216 2977 453 3049 Ι)1155551.8241
473 2978 553 3048 (Mus.
574 2978 665 3047 Borb.,
692 2978 736 3046 VI,
754 2979 810 3034 tab.
829 2980 860 3049 53
888 2978 968 3033 Arch.
988 2977 1062 3045 Zeit,
1083 2977 1159 3045 1856,
1178 2976 1233 3030 tab.
1252 2977 1311 3044 89);

140 3066 210 3123 Bull.
229 3065 334 3137 Napol,
353 3066 386 3122 N.
405 3064 441 3134 S,
469 3066 525 3134 Vll,
554 3067 610 3122 tab.
631 3068 665 3122 13
689 3070 716 3121 51
734 3083 760 3135 p.
781 3068 833 3123 175
853 3083 908 3137 sq.;
945 3065 1012 3121 Bull.
1041 3064 1103 3120 dell’
1130 3064 1204 3131 lust,
1234 3063 1311 3130 1873,

141 3172 169 3225 p.
189 3155 398 3225 15231881‚p.
418 3154 478 3209 147.
1288 3157 1295 3174 ³

214 3245 235 3310 ²)
253 3241 331 3297 Diod.
350 3241 402 3298 Sic.
420 3242 465 3310 IV,
484 3243 531 3309 16;
559 3245 630 3297 errat
656 3241 737 3312 igitur
755 3242 957 3312 Klucgmannus
986 3240 1125 3307 (Roschcr,
1144 3236 1272 3304 Lexilron
1290 3238 1311 3305 1,

141 3348 169 3401 p.
189 3331 260 3399 269),
288 3330 335 3400 qui
358 3330 384 3384 in
409 3329 451 3384 his
474 3330 584 3400 picturis
602 3326 779 3402 Hippolyten
802 3345 921 3384 sororem
948 3331 1055 3397 captam
1073 3326 1248 3381 redimentem
1265 3325 1311 3379 de-

141 3417 244 3488 pictam
262 3433 322 3472 esse
339 3416 450 3474 credit..

214 3504 371 3574 ι)11155.5(1
383 3506 455 3562 Ann.
476 3505 623 3572 dell'lnst,
642 3507 720 3574 1856,
740 3523 765 3576 p.
777 3506 812 3560 86
832 3520 908 3576 sqq.;
927 3504 1058 3574 picturam
1077 3518 1146 3573 quae
1164 3502 1192 3557 15
1211 3501 1266 3556 tab.
1279 3502 1313 3558 15

141 3595 193 3661 cst,
212 3592 312 3663 quippe
331 3607 400 3662 quae
418 3592 575 3663 posterioris
593 3594 698 3662 generis
717 3594 759 3662 sit,
779 3593 858 3649 nobis
876 3592 1018 3663 neglegere
1036 3591 1104 3647 licet.
1136 3588 1313 3670 Kluegmann,

141 3679 194 3735 Die
212 3680 366 3735 Amazonen
385 3680 412 3734 in
431 3680 479 3735 der
496 3683 544 3736 att.
557 3681 689 3735 Literatur
707 3681 871 3750 ordiinum,
890 3698 916 3752 p.
928 3680 963 3735 24
973 3695 1046 3753 sqq.;
1064 3677 1195 3744 Gerhard,
1207 3676 1312 3733 Auserl.

143 3766 269 3834 Vasenb,
287 3767 334 3835 ΠΙ,
353 3783 380 3836 p.
400 3767 443 3830 44,
462 3784 488 3822 5.
507 3767 549 3821 52.

214 3855 237 3921 ⁴)
256 3853 327 3910 Olim
343 3854 474 3924 principis
486 3853 589 3909 (lanino
609 3855 693 3921 1614;
712 3853 828 3910 Rdscrvc
847 3859 981 3925 atrosque,
1000 3871 1026 3923 p.
1037 3856 1063 3920 5,
1078 3869 1121 3907 no.
1132 3854 1149 3906 9
1155 3873 1162 3919 ;
1182 3851 1312 3918 Gerhard,

143 3942 284 4013 Rapporto
301 3941 436 4006 Volcente,
454 3958 481 4011 p.
501 3941 562 4008 152,
580 3957 624 3996 no.
643 3942 711 4008 3863
738 3941 877 4011 Stephani,
900 3941 1015 4010 Gompte
1036 3940 1122 3995 rendu
1145 3938 1312 3993 (15155555-

143 4029 256 4085 mirsion
275 4027 549 4099 15556515155555451.
568 4044 636 4099 pour
660 4030 739 4096 1866,
757 4045 784 4098 p.
804 4029 856 4083 157
873 4044 916 4099 sq.
962 4027 1003 4083 De
1030 4028 1137 4082 nomine
1164 4026 1210 4081 illo
1233 4026 1314 4081 dubio

146 4115 180 4172 cf.
205 4116 297 4172 Revue
315 4117 349 4172 de
367 4117 526 4187 Philologie,
545 4117 570 4170 ll
588 4116 688 4186 (1847),
707 4133 734 4187 p.
755 4116 817 4183 388,
835 4116 881 4171 ubi
899 4117 933 4172 de
952 4116 1055 4191 Wittius
1075 4113 1185 4176 Πονιδας
1200 4113 1314 4187 scripsit.
