2910 4650
612 309 810 382 -·-5‘-

127 535 208 592 quae
231 515 323 575 hasta
344 515 468 576 intenta
490 515 626 595 respicit.
674 515 713 574 ln
747 519 889 575 extrema
916 515 1042 594 pictura
1075 520 1155 578 sunt
1185 515 1296 595 oppidi

127 620 253 680 moenia
286 626 450 698 portaque,
485 641 580 701 super
613 641 710 699 quam
734 620 815 681 duae
843 622 1020 683 Amazones
1053 621 1209 683 videntur
1230 642 1231 646 ¹
1256 621 1296 682 In

126 726 189 786 alia
211 726 353 804 picturae
376 731 465 806 parte
497 727 589 789 miles
617 731 690 807 post
712 726 884 787 Herculem
918 726 960 787 ad
991 726 1153 789 sinistram
1186 721 1297 816 versus

126 852 199 892 cum
236 835 396 894 Amazone
430 832 562 895 adversa
594 837 750 912 pugnat·
784 821 934 910 Sequitur
972 852 1030 912 par
1064 832 1169 894 simile
1187 835 1189 838 ’
1204 832 1294 894 dimi-

126 938 278 1012 cantium,
314 958 413 1018 prope
447 939 533 1016 quod
559 939 652 1001 miles
675 942 820 999 mortuus
844 937 934 998 iacet.
981 937 1219 1000 Deinde-miles
1239 939 1304 1007 fad

126 1044 286 1105 sinistram
319 1063 428 1107 versus
451 1045 621 1107 Amazonis
655 1044 811 1106 cassidem
833 1042 1023 1123 prehensam
1046 1048 1147 1116 tenet3
1167 1058 1220 1106 'ea
1244 1044 1295 1106 ‘a'd

126 1149 271 1210 dextram
309 1170 400 1212 versa
436 1151 471 1211 in
509 1170 592 1229 genu
630 1150 724 1226 cadit,
764 1155 796 1212 et
833 1153 930 1228 caput
966 1153 1110 1212 avertens
1148 1149 1294 1212 dextram

124 1275 258 1316 manum
282 1257 374 1317 tollit,
421 1257 496 1317 Post
519 1277 589 1317 eam
613 1261 688 1319 sunt
711 1256 772 1317 alia
795 1255 931 1329 moenia,
968 1272 1064 1334 super·
1096 1272 1177 1335 quae
1212 1250 1294 1319 duae

126 1363 302 1424 Amazones
337 1361 499 1442 adparent.
547 1364 630 1423 Tum
664 1365 807 1423 Amazon
842 1362 883 1423 ad
917 1362 1079 1425 sinistram
1106 1376 1205 1437 versa,
1242 1363 1296 1451 eui

125 1468 216 1528 miles
244 1469 371 1529 hastam
404 1455 551 1541 intendit,
587 1471 782 1529 Amazonem
816 1468 1015 1530 vulneratam
1048 1469 1099 1531 vel
1133 1464 1294 1531 mortuam

125 1572 277 1633 defendit.
336 1574 497 1634 Postremo
536 1574 637 1647 miles,
679 1573 730 1635 cui
764 1578 887 1653 praeter
924 1575 1065 1654 hoplitae
1099 1579 1297 1636 armaturam·

125 1678 226 1756 pictor
261 1698 369 1739 arcum
403 1664 477 1739 dare
510 1679 648 1741 voluisse
670 1678 805 1754 videtur,
830 1699 927 1756 quem
963 1685 1072 1741 tamen
1097 1695 1195 1742 manu
1229 1700 1294 1742 non

124 1789 219 1858 tenet,
244 1785 444 1847 dextrorsum
468 1786 573 1847 currit.
609 1787 786 1846 Amazones
809 1804 920 1847 omnes
936 1787 1128 1847 Graecorum
1152 1785 1294 1848 militum

124 1890 158 1949 in
181 1891 315 1951 modum
339 1891 407 1953 sine
429 1891 532 1953 bracis
556 1891 713 1969 Scythicis
735 1886 935 1973 (ἅναξυρίὸες)
957 1891 1129 1955 instructae
1153 1896 1238 1967 sunt,
1263 1897 1295 1954 et

123 1996 259 2057 cassides
283 1997 386 2059 cristis
409 1998 482 2059 altis
505 2001 632 2058 ornatas
655 2001 776 2074 gerunt.
870 1988 871 1991 '
1281 2013 1283 2017 ·

161 2113 163 2116 ’
213 2102 362 2180 Sequitur
384 2104 540 2184 amphora
562 2103 663 2164 Berol.
689 2097 811 2179 17101).
858 2100 899 2164 In
926 2102 1031 2164 media
1054 2104 1179 2184 pictura
1195 2144 1197 2146 -
1216 2105 1293 2166 Her·

124 2207 209 2269 cules
232 2208 360 2271 brevem
383 2210 526 2271 tunicam
549 2209 712 2287 leonisque
735 2209 862 2288 pellem,
887 2227 969 2287 quae
992 2215 1089 2289 caput
1110 2224 1181 2271 nori
1205 2210 1294 2288 tegit

121 2312 253 2376 indutus
277 2320 308 2375 et
331 2315 443 2376 dextra
465 2335 564 2377 manu
587 2314 730 2392 gladium
753 2314 940 2376 destrictum
963 2318 1075 2377 tenens
1098 2319 1293 2400 Amazonem

121 2421 297 2498 fugientem
320 2421 361 2481 ad
389 2416 534 2482 dextram
569 2420 778 2500 persequitur,
815 2419 943 2481 sinistra
976 2421 1199 2499 prehensurus.
1246 2422 1294 2483 Ea

122 2526 210 2586 brevi
232 2527 350 2600 tunica,
375 2527 482 2600 ocreis,
507 2547 628 2606 parma,
658 2525 780 2588 casside
803 2526 870 2586 alta
892 2526 987 2587 crista
1010 2526 1166 2601 decorata,
1193 2526 1294 2589 'hasta‘

121 2631 247 2691 munita
269 2636 325 2693 est.
373 2633 412 2692 ln
436 2632 547 2693 dextra
569 2632 710 2711 picturae
733 2635 822 2712 parte
845 2630 937 2692 miles
967 2632 1060 2692 humi
1076 2631 1173 2707 iacet,
1202 2633 1293 2694 iuxta

121 2756 217 2813 quem
241 2737 319 2798 alter
342 2737 434 2799 miles
457 2740 652 2798 Amazonem
680 2737 813 2797 alteram
847 2737 940 2799 hasta
973 2736 1100 2816 premit
1115 2722 1118 2726 i
1135 2757 1216 2816 quae
1251 2739 1292 2799 ad

121 2842 267 2904 dextram
290 2862 417 2906 currens
440 2848 472 2904 et
494 2845 528 2904 in
551 2862 633 2922 genu
657 2841 773 2903 cadens
796 2846 893 2922 caput
915 2842 1078 2917 convertit,
1103 2848 1135 2906 et
1157 2855 1291 2905 manum

121 2948 267 3009 dextram
290 2948 384 3011 tollit.
430 2950 477 3011 Ea
506 2949 648 3010 tunicam
672 2949 810 3023 brevem,
844 2968 1000 3029 parmam,
1037 2945 1209 3012 cassidem
1227 2949 1293 3011 alta

119 3054 216 3117 crista
250 3055 429 3135 praeditam
462 3055 569 3117 habet.
631 3055 706 3117 Post
739 3055 910 3117 Herculem
945 3055 1039 3116 tertia
1072 3056 1216 3116 Amazon
1250 3055 1291 3117 ad

119 3161 279 3222 sinistram
318 3182 408 3223 versa
442 3167 474 3223 et
507 3160 625 3235 tunica,
662 3160 770 3234 ocreis,
806 3180 927 3240 parma,
964 3160 1086 3223 casside
1120 3160 1291 3222 humiliore

118 3267 213 3328 erista
235 3271 355 3342 ornata,
380 3267 484 3346 gladio
509 3267 634 3328 munita
656 3266 793 3328 militem
816 3266 909 3327 hasta
931 3265 1020 3345 petit,
1050 3267 1107 3344 qui
1130 3270 1227 3345 caput
1249 3266 1290 3327 ad

118 3373 279 3433 sinistram
302 3378 486 3452 retorquens
508 3373 543 3434 in
565 3392 668 3451 genua
689 3372 784 3434 cadit.
899 3456 900 3461 γ
1116 3365 1118 3368 ’

209 3479 354 3539 Similem
378 3479 536 3558 picturam
570 3479 668 3540 habet
695 3470 850 3559 amphora
884 3475 961 3538 olim
986 3476 1167 3555 Campanae
1193 3473 1288 3552 1075,

120 3585 264 3644 nuncin
287 3603 397 3646 museo
421 3579 606 3662 Parisino.²)
650 3583 804 3646 Hercules
820 3582 964 3644 tunicam
984 3583 1111 3644 brevem
1135 3587 1167 3668 et
1189 3582 1291 3669 leonis'

117 3689 235 3767 pellem
256 3689 399 3763 indutus,
424 3690 527 3768 capite
550 3690 647 3765 nude,
672 3691 867 3778 Amazonem
888 3687 993 3767 gladio
1009 3687 1215 3768 percussurus
1231 3687 1288 3763 est

189 3863 209 3927 1)
230 3858 329 3927 ursan,
349 3858 444 3935 Storia,
457 3860 528 3929 degli
547 3860 646 3938 aneon
665 3858 757 3929 popou
775 3822 889 3927 Ituran,
908 3859 963 3914 tau
974 3860 1008 3915 aa
1026 3819 1288 3929 architipias.

188 3951 209 4015 2)
227 3948 300 4003 Vasa
318 3947 485 4002 collectionis
504 3947 658 4017 Campanae
677 3963 747 4018 quae
765 3947 800 4002 ad
819 3948 920 4002 classes
938 3947 1058 4004 Iv-vll
1076 3946 1211 4015 pertinent
1229 3949 1287 4030 sine

121 4036 244 4090 classium
263 4036 380 4091 numeris
398 4035 554 4090 collaudavi.
582 4035 691 4109 Gratias
710 4037 762 4091 hoc
779 4035 841 4090 loco
854 4035 972 4091 Pottiero
991 4036 1047 4091 viro
1060 4034 1214 4090 doctissimo
1227 4051 1287 4104 ago,

117 4124 163 4195 qui
182 4141 225 4179 me
243 4125 315 4179 vasis
334 4124 464 4180 Parisinis
483 4139 594 4194 operam
613 4123 722 4179 dantem
740 4124 857 4194 benigne
875 4123 1017 4180 adiuvavit
1103 4126 1114 4151 ·,
1171 4126 1173 4133 ,
