2910 4650
619 299 826 362 ..96-

136 497 216 559 Mihi
240 496 370 576 quidem
396 495 542 558 videntur
564 495 709 568 artifices,
745 495 877 554 eumin
900 493 1072 574 exemplari
1097 494 1183 574 quod
1206 495 1311 557 imita·

136 605 253 665 bantur
276 604 358 665 duae
374 605 550 664 Amazones
574 606 606 663 et
628 600 692 662 duo
715 601 784 676 viri,
808 601 896 663 velut
918 620 1015 681 supra
1036 601 1071 662 in
1096 603 1201 681 primo
1224 622 1309 676 vase,

136 718 249 785 essent,
275 711 448 789 figurarum
468 708 679 771 similitudine
703 707 826 787 decepti
842 713 992 787 quattuor
1008 711 1184 770 Amazones
1208 729 1312 770 errore

136 817 277 896 quodam
312 816 433 879 fecisse.
481 815 623 878 Tertium
658 819 767 876 autem
801 834 857 877 vas
891 815 962 877 aliis
996 815 1155 877 recentius
1190 835 1259 877 esse
1295 835 1311 876 e

135 928 203 984 tota
226 925 342 1001 figuras
365 923 506 1001 fingendi
528 922 649 983 ratione
672 920 812 1000 adparet.

225 1027 323 1088 Aliud
358 1048 413 1090 vas
437 1028 645 1089 Vindobonae
680 1030 840 1088 servatum
875 1027 914 1089 de
948 1027 1097 1090 Duhnius
1131 1029 1312 1090 Amazones

137 1133 286 1196 exhibere
309 1139 402 1214 putat
413 1128 442 1211 ¹).
479 1134 518 1194 ln
540 1133 629 1195 labro
653 1133 735 1195 duae
758 1135 934 1195 Amazones
950 1133 990 1211 (8)
1013 1133 1168 1207 mitratae,
1193 1133 1312 1195 laxatis

136 1240 280 1315 habenis,
306 1240 395 1319 equis
416 1241 582 1312 ⁴i'eruntur;
608 1239 720 1301 dextra
734 1239 885 1314 habenas,
902 1239 1030 1301 sinistra
1046 1245 1172 1303 scutum
1189 1244 1309 1300 tenent.

138 1347 225 1407 lnter
248 1366 301 1408 eas
325 1352 400 1407 sunt
423 1346 505 1407 duae
527 1346 655 1424 figurae,
680 1351 814 1424 utraque
848 1345 883 1406 in
917 1345 997 1408 duas
1032 1350 1192 1425 serpentes
1226 1345 1312 1406 infra

138 1457 298 1526 exeuntes,
324 1471 405 1530 quae
428 1471 544 1515 manus
559 1457 726 1530 tamquam
743 1472 821 1514 saxa
835 1452 974 1512 iacturae
986 1452 1093 1514 levant
1103 1451 1309 1530 (Gigantesl).

138 1561 181 1620 At
204 1578 278 1619 cum
303 1561 478 1620 Amazones
501 1559 584 1620 inter
607 1558 758 1635 Gigantes
786 1559 862 1636 poni
889 1578 954 1619 non
984 1558 1168 1633 debeantur,
1198 1559 1312 1621 dubito

137 1684 216 1725 num
240 1665 358 1743 figurae
381 1665 512 1725 omnino
528 1665 704 1725 Amazones
720 1657 796 1748 sint}
822 1665 954 1726 sirecte
977 1664 1131 1725 iudicavit
1158 1664 1197 1725 de
1225 1646 1311 1726 Duh·

138 1770 220 1844 nius,
246 1770 350 1832 solum
374 1770 415 1830 ad
438 1789 494 1832 vas
517 1770 706 1843 ornandum,
730 1770 852 1831 ratione
876 1771 1050 1847 Gigantum
1077 1771 1168 1830 nulla
1189 1770 1308 1845 habita,

138 1876 291 1937 artificem
317 1896 370 1938 eas
394 1876 578 1937 adhibuisse
601 1876 703 1937 oredo.

226 1983 390 2043 Praeterea
412 1983 579 2061 conplures
602 1984 802 2042 Amazonum
826 1982 944 2059 figurae
968 1982 1097 2057 similes,
1128 2003 1210 2061 quae
1233 1983 1310 2045 anti-

138 2089 247 2166 quitus
270 2089 305 2148 in
328 2089 411 2150 vasis
435 2089 503 2150 sine
538 2088 637 2149 dubio
671 2087 793 2166 positae
828 2093 912 2163 sunt,
948 2089 982 2149 in
1017 2090 1136 2152 museis
1171 2095 1314 2151 servatae

138 2195 423 2256 eonnremorandae
439 2201 523 2257 sunt.
564 2195 707 2266 Quorum
724 2198 875 2273 quattuor
886 2192 928 2254 ad
943 2194 1029 2255 idem
1046 2216 1109 2269 vas,
1124 2202 1163 2282 ut*
1175 2195 1313 2272 videtur,

138 2302 331 2380 pertinentes
354 2302 388 2362 in
411 2322 522 2365 museo
546 2301 728 2364 Britannico
763 2294 918 2377 extant²):
954 2301 987 2361 in
1011 2303 1110 2380 equis,
1136 2303 1192 2381 qui
1216 2303 1314 2382 pedes

138 2409 257 2486 priores
281 2408 376 2474 altius
399 2408 515 2483 levant,
541 2407 694 2481 sedentes,
717 2406 799 2469 duae
821 2409 856 2468 in
875 2412 1008 2482 rectum,
1034 2408 1116 2469 duae
1139 2413 1314 2471 retrorsum

139 2514 270 2591 sagittas
294 2514 418 2577 misisse
433 2514 596 2586 videntur;
633 2513 673 2574 de
693 2514 810 2576 vestitu
837 2514 872 2574 in
888 2514 1021 2591 singulis
1038 2514 1178 2576 dubitari
1194 2522 1312 2594 potest;

139 2641 215 2681 nam
239 2621 413 2699 figurarum
437 2620 619 2701 superficies
642 2621 765 2698 aliquid
787 2621 923 2682 contrita
951 2625 1012 2693 est;
1048 2627 1151 2683 vestes
1175 2622 1312 2695 strictas,

142 2747 223 2805 quae
246 2728 330 2788 inira
352 2728 386 2788 in
410 2728 520 2789 bracas
544 2731 670 2801 exeunt,
695 2733 726 2788 et
753 2712 887 2788 manicis
904 2727 1053 2789 brevibus
1069 2728 1231 2808 praeditae
1248 2748 1316 2790 esse

138 2833 301 2906 videntur;
320 2840 481 2913 praeterea
492 2835 613 2907 mitras,
631 2834 762 2909 balteos,
780 2835 912 2896 fortasse
929 2835 1026 2896 etianr
1043 2834 1170 2912 cingula
1185 2838 1313 2912 gerunt;

141 2941 251 3001 bracae
275 2941 415 3002 dubitari
439 2946 543 3020 potest
565 2946 675 3002 utrum
710 2941 750 3001 ad
786 2940 893 3001 media
927 2942 1049 3002 femora
1083 2961 1133 3015 an,
1159 2940 1192 3000 id
1228 2940 1313 3019 qnod

140 3047 222 3107 mihi
245 3047 312 3106 veri
335 3047 472 3108 similius
496 3046 631 3120 videtur,
656 3047 730 3124 (nisi
754 3049 834 3108 forte
857 3047 959 3108 lineae
983 3047 1017 3107 in
1041 3046 1178 3108 duarum
1202 3048 1313 3125 figura·

137 3173 209 3213 rum
234 3152 378 3214 eruribus
401 3152 577 3230 descriptae
601 3152 721 3215 calceos
743 3153 899 3230 indicant)
927 3173 1027 3232 paene
1056 3153 1097 3214 ad
1131 3154 1212 3214 talos
1248 3154 1314 3214 des·

139 3259 312 3320 penderint.

227 3366 348 3428 Similis
382 3366 482 3444 figura
517 3385 598 3443 equo
633 3385 742 3428 carens
776 3366 915 3427 Berolini
943 3364 1054 3444 (7094)
1089 3371 1212 3429 servata
1248 3373 1311 3428 est:

138 3474 280 3534 Amazon
302 3474 412 3533 tunica
435 3471 584 3534 brevibus
608 3473 741 3536 manicis
770 3472 923 3552 praedito,
960 3471 1062 3533 bracis
1097 3473 1313 3553 perbrevibus,

138 3579 274 3657 cingulo,
300 3580 395 3640 mitra
417 3580 540 3654 vestita,
577 3599 711 3640 manum
746 3580 908 3641 sinistram
944 3580 1035 3658 quasi
1070 3599 1179 3640 areum
1202 3584 1315 3640 tenens

139 3685 290 3760 extendit,
316 3686 427 3747 dextra
443 3706 459 3746 e
477 3686 625 3765 pharetra
648 3686 682 3746 in
697 3691 823 3765 pectore
840 3687 967 3748 sinistro
983 3687 1043 3747 sub
1059 3687 1193 3746 humero
1209 3686 1315 3764 posita

139 3793 288 3872 sagittam
312 3793 458 3854 extrahit.

213 3949 319 4013 ¹)‘Ann
341 3946 403 4002 dell’
422 3947 496 4011 lust„
526 3947 602 4011 1883,
632 3963 659 4017 p.
679 3948 739 4016 187,
759 3965 799 4012 n.;
836 3947 877 4003 De
896 3946 1000 4002 Saoken
1024 3949 1051 4001 et
1070 3947 1185 4014 Renum,
1211 3945 1315 4000 Samm-

140 4037 239 4106 lungen
259 4036 306 4090 des
325 4035 351 4090 k.
371 4035 396 4093 k.
417 4035 522 4089 Mueuz-
542 4034 596 4089 und
615 4034 865 4104 Antikeuoabinets,
885 4052 911 4106 p.
931 4036 992 4102 269,
1012 4051 1055 4090 no.
1078 4035 1135 4089 127.

212 4128 232 4191 2)
252 4126 321 4177 Anu.
340 4123 403 4177 dell'
423 4124 499 4190 lust,
521 4123 598 4190 1880,
618 4139 644 4193 p.
665 4124 725 4180 347.
