2910 4650
604 333 803 394 ..9-

118 529 260 591 Amazon
283 527 509 591 adsinistram
533 548 623 590 versa
646 527 782 588 militem
805 527 898 587 humi
913 526 1068 588 iacentem
1084 527 1177 588 hasta
1191 527 1284 588 inter·

114 633 194 693 ficit.
236 634 358 695 Vestita
381 639 428 695 est
451 634 565 695 tunica
583 634 650 695 sine
666 632 733 693 ulla
749 636 922 704 armatura;
948 632 1049 694 crines
1065 632 1133 695 eius
1148 629 1285 711 longiin

117 738 236 800 nodum
264 729 385 818 religati
413 739 602 819 dependent.
631 741 820 800 -Memoratu
853 737 949 816 digna
983 743 1030 801 est
1064 738 1148 800 oculi
1181 739 1285 800 forma

117 845 238 919 militis,
264 864 327 924 qua
350 864 435 907 mors
457 845 630 907 imminens
664 845 784 924 optime
819 845 1016 924 exprimitur.
1055 845 1098 906 Et
1130 845 1285 907 Hercules

118 955 149 1011 et
173 952 291 1013 Glauce
314 952 473 1013 armillam
497 952 532 1012 in
555 951 666 1013 dextro
689 950 837 1012 bracchio
860 949 947 1028 gerit.
1120 949 1122 953 ’
1269 951 1280 1034 ⁴.

205 1058 314 1136 Neque
352 1059 455 1118 solum
490 1058 525 1118 in
558 1057 735 1137 amphoris
760 1076 828 1117 rem
863 1056 1065 1118 inlustratam
1098 1057 1282 1137 reperimus.

117 1165 293 1224 Memoratu
318 1164 458 1225 maxime
482 1163 578 1242 digna
601 1169 648 1225 est
670 1163 795 1242 pictura
817 1161 851 1222 in
875 1161 943 1224 dini
966 1163 1054 1224 labro
1088 1163 1166 1224 olim
1194 1164 1282 1224 Cam·

116 1289 218 1347 panae
234 1270 276 1342 ΙΙ,
295 1268 347 1343 27,
365 1269 497 1330 nuncin
508 1289 620 1330 museo
631 1261 773 1330 Parisino
789 1273 912 1330 servata
923 1263 955 1352 ¹).
981 1270 1020 1329 In
1039 1269 1145 1331 media
1159 1269 1284 1349 pictura

116 1376 269 1436 Hercules
289 1375 394 1450 (inser.
412 1375 557 1453 signific.)
579 1376 688 1436 tunica
711 1380 742 1436 et
757 1374 857 1436 leonis
880 1375 971 1455 pelle,
996 1394 1077 1453 quae
1100 1380 1197 1454 caput
1218 1392 1283 1436 non

116 1481 202 1557 tegit,
226 1481 359 1541 vestitus
383 1485 414 1541 et
436 1479 478 1541 ad
501 1480 646 1542 dextram
663 1480 856 1542 contendens
876 1482 1070 1542 Amazonem
1093 1477 1284 1558 (APOMAQ)

117 1585 367 1663 comprehendit,
391 1585 496 1662 gladio
520 1606 590 1647 eam
614 1606 829 1666 percussurus.
869 1587 917 1647 Ea
939 1586 980 1647 ad
1004 1587 1165 1648 sinistram
1191 1604 1283 1648 versa
1328 1667 1330 1669 Ι

116 1696 148 1750 11
169 1710 252 1768 genu
275 1691 352 1751 nixa
374 1692 467 1753 hasta
490 1711 522 1753 se
546 1692 697 1753 defendit.
741 1693 816 1753 Post
838 1706 909 1752 eam
933 1692 1014 1753 duae
1042 1693 1218 1755 Amazones
1241 1693 1283 1753 ad

116 1796 277 1858 sinistram
301 1817 408 1858 versae
430 1797 588 1858 auxilium
612 1799 728 1872 ferunt,
752 1798 852 1859 hastis
875 1798 1007 1859 Herculi
1029 1798 1169 1860 intentis.
1208 1800 1283 1860 Post

113 1902 247 1964 alteram
271 1922 381 1964 earum
403 1903 527 1964 litterae
554 1898 706 1978 ulmos,
742 1904 805 1965 nisi
832 1904 912 1965 forte
943 1899 1083 1963 ΟΚΠΟΣ
1111 1902 1282 1982 legendum

114 2014 170 2082 est,
195 2010 329 2088 scriptae
352 2015 436 2071 sunt.
481 2010 630 2088 Sequitur
653 2010 754 2088 Lycos
776 2005 955 2088 (AVPO5),
984 2009 1040 2088 qui
1071 2010 1112 2071 ad
1136 2010 1282 2072 dextram

114 2134 222 2176 versus
242 2116 369 2176 hastam
389 2115 544 2177 Amazoni
567 2115 716 2177 adversae
738 2111 899 2193 (ALAKht
921 2115 1069 2190 intendit,
1086 2135 1168 2194 quae
1185 2116 1282 2178 etiam

112 2221 205 2281 hasta
221 2220 361 2283 dimicat.
394 2223 481 2282 Inter
496 2242 549 2283 eos
564 2222 645 2282 iacet
661 2221 794 2282 cadaver
809 2222 868 2283 sivi
884 2222 953 2295 viri,
971 2221 1046 2296 sive,
1064 2227 1100 2284 ut
1115 2217 1283 2301 Pottiero²)

113 2326 247 2400 videtur,
272 2327 452 2390 Amazonis.
468 2340 470 2346 '
488 2327 610 2389 Deinde
627 2329 752 2389 Phorax
774 2323 967 2405 (com,
991 2327 1053 2390 nisi
1076 2329 1162 2390 forte
1178 2329 1284 2390 littera

112 2434 216 2511 prima
244 2430 264 2504 P
288 2434 347 2512 est)
378 2434 419 2494 ad
447 2434 593 2495 dextram
621 2454 729 2496 versus
757 2439 866 2496 contra
894 2435 1088 2496 Amazonem
1117 2434 1282 2497 adversam

112 2543 247 2617 pugnat3
270 2559 307 2599 ea
317 2541 352 2600 in
364 2539 485 2601 casside
501 2560 558 2618 pro
570 2540 665 2601 crista
676 2541 756 2602 duas
768 2560 889 2620 pennas
900 2540 1007 2601 habet.
1043 2541 1167 2601 Nomen
1184 2542 1282 2602 Gallie

112 2639 294 2722 (AALtht
322 2649 378 2704 aut
405 2644 446 2704 ad
477 2644 560 2705 hanc
595 2650 651 2706 aut
684 2646 725 2706 ad
760 2651 945 2724 sequentem
973 2646 1107 2724 figuram
1134 2647 1280 2726 pertinet.
1330 2680 1332 2684 ν

113 2750 296 2826 Sequuntur
308 2748 389 2810 duae
402 2750 577 2811 Amazones
589 2750 715 2824 tunicis
733 2751 919 2825 cassidibus,
933 2752 1089 2830 pharetris
1098 2753 1281 2827 instructae,

112 2875 193 2932 quae
208 2855 341 2933 genibus
357 2856 451 2916 nixae
467 2855 596 2933 sagittas
611 2858 755 2919 mittunt.
791 2856 913 2918 Deinde
925 2859 1067 2919 Amazon
1079 2858 1120 2919 ad
1136 2858 1282 2920 dextram

111 2961 145 3021 in
168 2961 272 3022 virum
289 2962 394 3035 currit,
420 2961 475 3039 qui
490 2982 609 3041 pronus
624 2963 730 3025 iacens
746 2969 843 3043 caput
857 2968 1029 3042 retorquet;
1045 2984 1144 3044 prope
1166 2965 1281 3043 figuras

110 3067 264 3146 inscripta
286 3072 362 3128 sunt
384 3087 500 3128 nomen
525 3064 666 3128 ΚΕΠΕΣ
686 3069 727 3130 111
749 3071 854 3131 virum
870 3070 1071 3131 referendum
1095 3075 1126 3131 et
1145 3071 1281 3132 alterum

110 3175 272 3234 mutilum.
311 3174 407 3235 Militi
429 3174 476 3234 illi
501 3172 1002 3253 Μ11111111111(ΜΝΕΣΑΡΧο5)
1025 3176 1182 3238 auxilium
1200 3177 1279 3238 1111.

109 3281 183 3341 Post
206 3300 279 3340 eum
297 3280 490 3359 Cleptoleme
513 3276 818 3360 (KAEIITOLEME)
840 3282 881 3343 ad
897 3281 1043 3343 dextram
1066 3261 1169 3357 versa.
1190 3282 1280 3344 cuius

110 3387 206 3447 cassis
228 3386 318 3449 nulla
337 3387 387 3447 vel
402 3387 467 3446 iere
482 3387 571 3447 nulla
591 3387 686 3448 crista
701 3393 811 3449 ornata
826 3394 883 3462 est,
900 3408 974 3449 cum
990 3386 1057 3449 viro
1072 3382 1281 3467 (ΔΕΙΠΤΕΞ)

110 3492 149 3551 de
165 3492 315 3553 cadavere
331 3496 461 3570 pugnat.
502 3492 652 3570 Sequitur
667 3494 820 3554 Telamon
835 3489 1054 3571 (TELAMON)
1076 3491 1117 3552 ad
1133 3491 1280 3555 dextram

110 3616 227 3670 versus,
253 3597 309 3674 qui
332 3598 526 3658 Amazonem
550 3599 718 3659 cadentem
741 3599 915 3661 cervicibus
930 3603 1025 3672 tenet,
1051 3604 1165 3661 eteam
1187 3599 1278 3662 hasta

109 3701 256 3780 perfodit.
296 3702 344 3762 Ea
371 3707 467 3782 caput
490 3704 531 3764 ad
559 3705 720 3765 sinistram
744 3705 846 3778 vertit,
877 3709 975 3779 scuto,
1012 3704 1099 3782 quod
1132 3705 1278 3767 bracchio

109 3807 236 3867 sinistro
252 3810 348 3880 tenet,
372 3806 462 3880 nixa;
487 3809 597 3870 tunica
616 3814 648 3870 et
663 3809 758 3871 mitra
773 3811 887 3872 vestita
910 3815 966 3872 est.
1006 3810 1114 3872 Altera
1137 3812 1278 3872 Amazon

182 3965 200 4028 ¹)
219 3961 338 4016 Dumont
356 3964 384 4015 et
402 3960 543 4031 Ohaplain,
562 3963 614 4017 Les
627 3961 800 4034 Ceramiques
818 3964 852 4019 de
871 3964 898 4020 la
916 3926 1001 4020 Grece
1019 3979 1126 4034 propre,
1146 3965 1166 4032 Ι,
1185 3981 1212 4034 p.
1225 3966 1278 4020 335

108 4067 167 4120 sqq.
205 4049 396 4118 Inscriptiones
415 4050 558 4104 nonnullas
576 4052 684 4106 mutilas
703 4053 787 4107 omisi.
819 4090 822 4098 .

180 4141 200 4204 ²)
219 4137 298 4206 Apud
317 4136 437 4193 Dumont
455 4137 641 4209 etchaplain,
660 4140 678 4196 l.
697 4140 714 4197 l.
