2910 4650
225 1162 312 1222 inter
339 1159 457 1223 multas
484 1179 533 1221 res
556 1179 636 1238 quas
664 1179 704 1220 ex
731 1158 849 1222 fabulis
876 1159 1017 1238 antiquis
1040 1158 1170 1222 haustas
1194 1159 1306 1223 Graeci

137 1268 285 1348 operibus
309 1272 375 1327 arte
398 1267 490 1328 iactis
518 1266 768 1328 inlustraverunt
793 1266 883 1326 nulla
913 1266 977 1326 tere
1005 1264 1131 1344 saepius
1153 1266 1307 1347 reperitur

137 1394 235 1452 quam
259 1376 459 1433 Amazonum
482 1391 556 1432 cum
580 1372 707 1434 Graecis
730 1391 864 1451 pugnae.
915 1372 961 1430 De
985 1373 1203 1435 monumentis
1226 1392 1307 1451 quae

138 1480 274 1540 feminas
298 1478 369 1539 illas
392 1477 557 1539 bellicosas
585 1477 737 1538 exhibent
764 1497 838 1539 cum
865 1476 920 1536 alii
947 1475 1007 1537 viri
1034 1476 1119 1538 docti
1153 1479 1308 1539 nonnulla

130 1583 341 1663 scripserunt,
359 1587 430 1642 tum
446 1582 703 1660 Kluegmannus:
714 1577 735 1661 ¹)
750 1589 859 1644 tamen
874 1601 948 1642 cum
963 1582 1187 1660 antiquissima
1198 1604 1309 1645 monu-

139 1693 248 1749 menta
270 1688 321 1750 vel
344 1688 548 1766 neglexerint,
572 1689 623 1752 vel
645 1707 760 1767 parum
783 1687 932 1749 adcurate
955 1689 1167 1764 tractaverint,
1196 1709 1308 1769 operae

139 1794 277 1874 pretium
293 1793 419 1856 videtur
441 1793 481 1855 de
493 1795 649 1875 ‘operibus
664 1794 905 1874 antiquissimae
920 1792 996 1854 artis
1012 1813 1094 1870 quae
1109 1796 1308 1856 Amazonum

139 1902 255 1978 figuras
279 1900 440 1974 exhibent,
465 1892 683 1963 monumentis
706 1899 888 1962 adcuratius
911 1899 1070 1973 conlectis,
1096 1899 1200 1961 denuo
1216 1920 1307 1980 quae-

139 2025 214 2066 rere.
251 2005 444 2084 Recipienda
466 2011 575 2068 autem
597 2008 680 2068 inter
702 2006 926 2085 antiquissima
948 2011 1159 2066 monumenta
1174 2042 1218 2050 -
1233 2028 1310 2068 nam

140 2105 298 2189 constat²)
321 2131 471 2189 magnam
487 2112 575 2192 apud
590 2113 726 2175 artifices
742 2111 892 2174 habuisse
915 2111 1136 2172 auctoritatem
1152 2112 1311 2173 Miconem

140 2219 293 2297 pictorem
318 2218 591 2292 inlustrissimum,
616 2219 672 2297 qui
695 2209 781 2281 duae'
792 2220 992 2278 Amazonum
1011 2218 1224 2296 pugnantium
1247 2219 1310 2299 pic-

139 2329 227 2385 turas
251 2323 385 2385 Athenis
413 2323 528 2403 pinxit,
563 2325 609 2385 ita
636 2328 674 2385 ut
701 2324 766 2384 lere
793 2323 983 2400 omnesqui
1010 2323 1093 2384 hanc
1120 2344 1188 2385 rem
1210 2329 1310 2404 poste·

141 2430 278 2490 rioribus
301 2429 499 2509 temporibus
527 2430 786 2505 inlustraverunt,
822 2429 876 2490 alii
899 2429 982 2508 plus,
1018 2428 1073 2488 alii
1107 2430 1215 2492 minus
1243 2430 1311 2491 dili-

141 2541 248 2614 genter
260 2555 335 2596 eum
346 2535 465 2595 imitati
478 2555 544 2597 esse
556 2536 733 2610 videantur,
751 2536 785 2596 id
797 2534 884 2612 quod
895 2535 1031 2612 pictores
1042 2553 1191 2596 vasorum
1204 2535 1312 2614 figuris

141 2640 244 2702 rubris
268 2646 451 2701 ornatorum
466 2641 531 2700 iam
547 2640 623 2701 inde
638 2640 678 2701 ab
699 2640 791 2701 initio
807 2640 942 2719 pulchri,
967 2638 1053 2716 quod
1073 2639 1198 2714 dieitur,
1223 2660 1312 2718 gene·

141 2748 184 2809 ris
219 2748 330 2808 iecisse
365 2745 511 2808 videmus
545 2781 590 2789 —
622 2745 706 2806 inter
739 2745 963 2823 antiquissima
985 2744 1081 2822 igitur
1104 2751 1314 2807 monumenta

141 2852 322 2932 recipienda
345 2852 426 2912 mihi
448 2851 517 2914 vise
539 2857 615 2913 sunt
629 2852 718 2912 nulla
733 2850 796 2912 nisi
811 2871 848 2912 ea
863 2870 944 2929 quae
960 2854 1033 2911 ante
1049 2869 1159 2911 eorum
1176 2856 1312 2912 aetatem

142 2960 227 3020 tacta
254 2963 337 3032 sunt,
372 2958 487 3032 idest,
521 2977 598 3020 vasa
626 2957 702 3019 atris
735 2956 844 3035 figuris
873 2961 905 3017 et
931 2956 1035 3018 rubris
1070 2957 1179 3035 figuris
1214 2957 1314 3020 severi

142 3065 263 3144 generis
287 3069 398 3125 ornata
421 3068 585 3142 ceteraque
608 3083 703 3142 opera
726 3083 807 3142 quae
836 3082 876 3123 ex
909 3061 1020 3123 eadem
1055 3066 1158 3124 aetate
1192 3068 1315 3125 servata

146 3176 231 3233 sunt.
278 3171 429 3231 Rationes
452 3189 489 3230 ea
512 3169 681 3231 ordinandi
704 3169 796 3230 docet
818 3188 867 3230 res
893 3169 974 3248 ipsa,
1009 3187 1088 3246 quas
1123 3168 1223 3230 secuti
1254 3168 1314 3248 pri·

145 3296 237 3337 mum
261 3275 301 3337 de
323 3276 543 3337 monumentis
567 3294 648 3353 quae
671 3275 820 3337 Herculis
842 3294 985 3355 pugnam
1009 3294 1083 3335 cum
1099 3274 1315 3337 Amazonibus

143 3383 306 3457 exhibent,
336 3381 450 3443 deinde
474 3383 513 3443 de
536 3382 694 3460 Antiopae
716 3386 827 3460 raptus
850 3381 992 3461 picturis,
1028 3385 1099 3442 tum
1132 3380 1171 3441 de
1205 3380 1315 3443 ceteris

216 3572 237 3638 1)
256 3569 298 3626 of.
316 3572 473 3640 praesertim
485 3571 565 3640 Jahn,
578 3570 676 3626 Annali
696 3569 757 3624 dell'
776 3570 910 3638 Instituto,
929 3569 1007 3637 1864,
1021 3587 1048 3640 p.
1058 3569 1111 3625 289
1124 3584 1198 3639 811113
1217 3568 1315 3640 Klueg-

144 3675 235 3726 mann,
254 3660 324 3716 Ann.
344 3659 406 3714 dell'
424 3661 499 3728 lust,
521 3661 598 3728 1867,
617 3676 644 3729 p.
654 3659 706 3713 211
726 3673 803 3730 sqq.;
823 3659 901 3726 1874,
920 3676 947 3729 p.
960 3658 1013 3712 205
1033 3673 1107 3728 sqq.;
1127 3657 1205 3725 1816,
1224 3658 1316 3727 11173

146 3762 220 3818 sqq.;
247 3747 297 3802 Die
316 3749 470 3803 Amazonen
494 3749 522 3803 in
541 3747 588 3801 der
607 3747 740 3802 attiscben
758 3745 903 3802 Litteratur
922 3747 976 3801 und
995 3745 1090 3814 Kunst,
1114 3744 1212 3816 Stuttg.
1232 3746 1316 3813 18753

144 3836 282 3903 Peterson,
300 3838 370 3891 Arm.
390 3836 452 3891 dell’
471 3837 543 3900 lust,
571 3835 692 3905 18811).
711 3835 857 3905 26911111,
885 3834 995 3903 Boules,
1014 3834 1141 3890 Memorie
1160 3833 1222 3888 dell’
1242 3834 1317 3902 Inst,

144 3925 178 3991 ll,
197 3941 223 3993 p.
243 3925 295 3979 393
315 3940 391 3994 sqq·;
417 3923 451 3979 H.
470 3924 509 3978 W.
529 3922 634 3990 Schulz,
653 3923 704 3978 Die
722 3923 942 3978 Amazonenrase
960 3939 1013 3976 von
1030 3922 1115 3990 Ruvo,
1135 3922 1218 3992 Lips,
1238 3923 1316 3978 1851.

146 4011 253 4081 Scripta
271 4012 304 4066 de
323 4012 419 4067 statuis
438 4012 472 4066 ad
490 4011 538 4066 illa
556 4011 699 4066 simulacra
715 4010 835 4080 Ephesia
852 4010 1000 4066 referendis
1018 4010 1098 4065 nobis
1111 4011 1233 4067 omittere
1246 4011 1316 4065 licet.

217 4103 238 4168 ²)
257 4099 298 4155 ef.
318 4102 388 4154 Anu.
407 4099 469 4154 dell’
487 4100 562 4167 last,
583 4099 659 4166 1867,
679 4116 705 4168 p.
726 4099 777 4153 211
797 4114 857 4170 sqq.

1142 4206 1158 4259 1
