2910 4650
629 341 849 408 -3g-

154 543 278 602 constat
288 533 318 616 ¹).
364 539 477 616 Itaque
511 555 638 598 carmen
671 535 753 598 illud
786 535 923 615 septimo
956 534 1081 595 saeculo
1114 537 1229 596 ortum
1267 553 1336 597 esse

154 644 294 725 adparet.

242 748 330 821 Quae
353 767 428 809 cum
450 747 496 808 ita
518 748 591 821 sint,
616 745 766 808 carminis
787 745 884 820 illius,
908 745 959 807 vel
982 744 1089 824 potius
1117 745 1223 824 partis
1253 746 1332 819 eius,

154 854 189 914 in
213 873 277 932 qua
291 854 370 915 haec
385 852 604 926 narrabantur,
621 852 753 930 vestigia
764 870 845 930 quae
855 850 942 931 apud
953 849 1140 930 posteriores
1156 849 1332 929 scriptores

154 963 281 1021 exstant
303 958 452 1037 indagare
475 977 635 1020 conemur.
671 957 815 1029 Quorum
830 956 1025 1018 narrationes
1046 956 1082 1016 in
1104 955 1188 1017 duas
1213 955 1331 1019 classes

152 1065 339 1127 distribuere
361 1063 444 1125 licet.

191 1202 194 1209 ·
242 1170 294 1231 Ad
315 1169 454 1249 primam
477 1168 609 1231 classem
633 1168 793 1248 pertinent
815 1188 852 1230 ea
874 1187 956 1246 quae
971 1165 1157 1228 Hellanicus
1182 1167 1289 1229 tradit
1299 1162 1328 1246 ²).

151 1275 185 1337 Is
208 1274 287 1336 dicit
308 1293 418 1336 omnes
441 1276 639 1352 Argonautas
662 1293 736 1335 cum
759 1273 896 1335 Hercule
919 1278 1028 1334 contra
1047 1273 1229 1334 Amazones
1254 1292 1329 1353 pug-

152 1381 292 1452 navisse3
317 1379 432 1441 deinde
455 1384 562 1440 narrat
584 1380 756 1440 Herculem
779 1380 956 1440 Hesionam
989 1378 1204 1439 liberaturum
1239 1399 1329 1440 mon-

151 1490 254 1547 strum
270 1486 440 1559 marinum,
453 1503 526 1545 cum
541 1485 576 1545 in
586 1489 730 1546 ventrem
746 1485 814 1547 eius
825 1485 957 1558 iniisset,
969 1483 1188 1558 trucidavisse,
1196 1484 1327 1546 Laome

154 1590 285 1653 dentem
320 1596 428 1652 autem
462 1591 611 1652 mortales
645 1610 742 1669 equas
776 1610 833 1670 pro
867 1588 1090 1651 inmortalibus
1125 1588 1154 1649 ei
1184 1589 1325 1663 dedisse,

151 1701 311 1776 postremo
335 1696 413 1757 dicit
435 1697 640 1758 Telamonem
663 1700 736 1757 ante
757 1696 939 1770 Herculem,
964 1714 1039 1757 cum
1055 1692 1185 1755 Troiam
1206 1715 1325 1775 oppug·

149 1807 270 1876 narent,
305 1803 341 1863 in
373 1801 486 1863 urbem
507 1803 640 1876 venisse,
664 1802 751 1864 hunc
773 1806 882 1863 autem
916 1802 1034 1862 iratum
1066 1820 1120 1861 ara
1148 1801 1325 1863 constituta

149 1907 332 1986 placavisse,
348 1912 379 1968 et
390 1907 566 1968 Hesionam
581 1906 707 1968 virtutis
723 1907 902 1986 praemium
918 1905 1084 1985 accepisse.
1117 1906 1198 1967 Fere
1210 1907 1324 1969 eadem

151 2012 191 2073 de
206 2013 354 2074 Hesione
376 2012 510 2073 liberata
532 2013 630 2074 tradit
652 2006 817 2090 Tretzes³),
842 2014 898 2092 qui
921 2012 1018 2073 etiam
1047 2010 1125 2072 dicit
1146 2011 1321 2088 Podarcen,

149 2118 309 2180 Hesionae
332 2119 471 2193 fratrem,
496 2139 515 2179 a
538 2138 640 2180 sorore
662 2120 820 2181 velamine
842 2118 1044 2197 redemptum
1067 2135 1187 2177 nomen
1203 2119 1323 2181 Priami

148 2224 314 2304 accepisse.
358 2223 405 2285 cf.
430 2227 590 2304 praeterea
613 2226 752 2306 Lycoph.
776 2225 867 2286 Alex.
885 2221 927 2286 33
951 2243 1035 2302 sqq.;
1060 2222 1146 2284 Sext.
1164 2223 1321 2304 Empiric.

147 2329 219 2392 adv.
244 2329 397 2390 Mathem.
414 2330 440 2404 Ι,
465 2325 545 2403 255;
571 2330 655 2392 Serv.
679 2331 714 2392 in
734 2331 825 2408 Verg.
849 2331 928 2391 Aen.
946 2330 972 2403 Ι,
991 2326 1063 2402 619,
1088 2327 1151 2389 nisi
1167 2329 1249 2391 forti
1263 2331 1321 2392 hoc

147 2453 187 2495 ex
210 2435 322 2497 eodem
345 2435 433 2497 fonte
462 2455 525 2514 quo
548 2436 669 2514 Hygini
696 2437 806 2498 fabula
838 2435 923 2513 (vide
944 2434 1040 2512 inira)
1070 2433 1229 2496 haustum
1265 2441 1319 2498 est.

146 2540 303 2603 Diodorus
319 2541 415 2602 etiam
439 2540 564 2603 Siculus
579 2542 723 2603 fabulam
745 2542 785 2603 de
808 2542 950 2604 Hesiona
968 2540 1101 2601 liberata
1123 2557 1202 2601 cum
1224 2543 1321 2621 Argo

146 2650 317 2707 nautarum
341 2646 542 2726 expeditione
565 2648 736 2726 coniungit,
753 2666 950 2726 quamquam
965 2647 1000 2706 in
1014 2644 1109 2707 rebus
1125 2645 1266 2724 singulis
1281 2647 1318 2708 ab

144 2751 312 2813 Hellanico
335 2746 537 2832 discrepat⁴);
562 2773 703 2832 eaquae
726 2753 813 2833 apud
835 2772 910 2815 eum
924 2752 1060 2829 legimus
1083 2751 1151 2812 sine
1176 2751 1319 2815 dubioa

144 2858 297 2936 Dionysio
322 2858 611 2937 Scythobrachione
633 2863 800 2920 mutuatus
824 2851 910 2936 θεῖ’),
934 2857 997 2919 nisi
1017 2855 1104 2936 quod
1126 2855 1161 2916 in
1185 2857 1244 2920 lib.
1262 2859 1315 2933 IV,

144 2981 213 3040 cap.
240 2963 281 3026 32
304 2963 391 3026 illius
414 2966 561 3039 narratio,
579 2985 660 3043 quae
675 2965 709 3025 in
722 2983 790 3043 cap.
806 2959 850 3025 49
863 2963 1025 3043 reperitur,
1043 2981 1118 3023 curn
1133 2965 1317 3027 narratione

143 3066 182 3127 de
206 3068 317 3129 Troiae
339 3071 575 3148 oppugnatione
598 3091 637 3131 ex
660 3068 772 3131 eodem
796 3070 883 3131 fonte
916 3069 1040 3143 hausta,
1076 3086 1140 3147 quo
1164 3088 1248 3134 usus
1272 3077 1316 3134 est

142 3173 363 3252 Apollodorus,
388 3175 428 3236 ab
452 3177 521 3256 ipso
537 3175 684 3250 Diod0r0,
701 3180 739 3237 ut
752 3175 887 3249 videtur,
905 3174 1121 3236 contaminata
1136 3169 1228 3256 estl).
1255 3177 1314 3240 Sed

213 3438 233 3503 ¹)
252 3434 367 3502 Curtius,
386 3432 492 3490 Griech.
512 3434 683 3502 Geschichte,
701 3435 722 3502 I,
742 3452 768 3504 p.
787 3434 840 3489 418
859 3450 900 3505 sq.

212 3522 294 3592 ²)1rr.
314 3523 358 3589 33,
378 3523 438 3590 136,
459 3525 518 3590 138,
537 3523 609 3593 apud
628 3523 747 3587 Mueller,
767 3523 928 3592 Fragmenta
946 3521 1133 3577 historicorum
1151 3522 1262 3595 Graec,
1292 3527 1311 3590 l,

139 3627 186 3680 pp.
205 3610 248 3678 49,
267 3610 310 3665 64.

210 3699 233 3767 ⁸)
251 3698 338 3753 Treta.
358 3696 448 3752 Schol.
467 3698 495 3752 in
513 3698 633 3770 Lycoph.
652 3698 729 3754 Alex.
748 3699 791 3753 34.

210 3784 650 3855 WMQMQQH

210 3875 230 3940 ι)
249 3872 328 3928 Diod.
348 3871 400 3928 Sic.
428 3874 481 3941 111,
510 3876 552 3942 66,
572 3876 622 3930 sub
641 3875 706 3942 fine;
725 3875 818 3941 Bethe,
838 3873 1015 3941 Quaestiones
1033 3872 1187 3930 Diodoreae
1206 3878 1309 3951 mytho·

136 3961 266 4030 graphae,
285 3960 358 4016 Gott.
378 3962 457 4029 1887,
475 3978 520 4032 pp.
541 3964 576 4017 12
594 3967 621 4017 et
639 3965 687 4030 153
718 3961 838 4027 Sieroka,
866 3961 915 4016 Die
939 3962 1177 4034 mythologiachen
1197 3965 1306 4034 Quellen

136 4048 180 4103 fur
198 4048 314 4105 Diodors
333 4051 359 4105 3.
378 4049 433 4104 und
450 4050 476 4104 ‘l
495 4050 578 4120 Buch,
597 4052 679 4123 Lyck,
699 4050 776 4118 1878,
795 4066 821 4119 p.
841 4051 883 4104 21.

207 4138 229 4205 ⁶)
248 4125 340 4205 Bethe,
358 4137 378 4193 l.
396 4137 423 4204 l.,
442 4155 468 4206 p.
488 4139 522 4192 69
541 4153 600 4209 sqq.
651 4179 653 4183 Α
732 4127 736 4135 ’
