2910 4650
674 310 895 376 ..60-

198 507 361 568 10101000
384 507 530 568 0010110.
576 507 616 566 In
639 507 751 568 dextra
773 507 915 587 picturae
938 511 1028 586 parte
1050 507 1143 570 miles
1163 509 1371 581 Amazonem,

199 632 280 691 quae
303 613 427 690 fugiens
450 632 533 691 genu
556 612 678 688 nititur,
702 613 795 676 hasta
818 632 1024 692 percussurus
1047 618 1103 676 est.

286 718 548 797 Lugdunobatav.
587 717 672 781 1624
682 712 717 797 ι);
754 722 897 780 Amazon
937 739 1011 781 cum
1052 719 1177 783 duobus
1212 719 1373 781 militibus

198 829 328 904 pugnat.
374 825 462 886 Inter
484 825 634 904 sphinges
656 826 778 904 positae
800 830 876 888 sunt
898 825 1026 904 figurae.

286 932 451 1010 Amphora
473 931 569 992 etiam
597 931 788 1011 Napoleonis
811 925 902 1008 111²),
932 931 1023 994 cuius
1047 931 1293 1010 descriptionem
1318 931 1372 992 ad·

198 1037 387 1099 curatiorem
409 1056 475 1098 non
498 1037 631 1116 repperi,
655 1036 715 1098 hoe
738 1038 807 1099 loco
831 1037 1099 1100 conmemoranda
1121 1036 1257 1098 videtur.

284 1143 444 1222 Lecythus
466 1143 568 1204 Berol.
593 1137 722 1220 399231
759 1143 851 1204 miles
878 1143 920 1204 ad
943 1143 1089 1204 dextram
1118 1142 1314 1205 contendens
1340 1148 1373 1204 01

196 1250 323 1310 hastam
344 1248 455 1327 (quam
477 1249 580 1328 pictor
601 1249 720 1326 omisit)
742 1249 904 1311 intentans
927 1269 1001 1310 eum
1022 1251 1193 1322 Amazone,
1224 1268 1307 1327 quae
1330 1249 1373 1310 ad

197 1355 358 1417 sinistram
381 1374 471 1417 versa
494 1359 525 1416 et
547 1374 630 1432 genu
653 1355 764 1416 dextro
791 1355 869 1416 nixa
891 1356 984 1417 hasta
1010 1356 1054 1433 (et
1076 1357 1155 1416 haec
1178 1353 1313 1436 omissa)
1338 1375 1372 1418 se

197 1461 350 1535 defendit,
386 1480 480 1541 super
513 1461 667 1524 iuvenem
689 1461 782 1522 humi
811 1461 983 1523 cubantem
1006 1465 1140 1541 pugnat;
1176 1461 1211 1521 in
1234 1467 1371 1540 utraque

198 1572 287 1648 parte
310 1566 434 1629 iuvenis
457 1586 598 1646 pugnam
622 1567 767 1646 adspicit.

287 1674 448 1735 Postremo
470 1674 532 1734 hoo
551 1673 621 1734 loco
637 1692 839 1734 conmemoro
866 1674 1055 1752 amphoram
1072 1673 1254 1753 Campanae
1273 1671 1369 1748 1123,

201 1772 344 1841 nuncin
366 1799 477 1841 museo
500 1779 641 1841 Parisino
665 1775 862 1857 servatam⁴),
887 1799 985 1856 quam
1008 1799 1064 1856 ego
1088 1779 1228 1857 quidem,
1259 1800 1370 1859 quam-

200 1905 298 1964 quam
313 1886 471 1965 picturam
488 1885 644 1965 explicare
661 1885 765 1947 adhue
781 1905 846 1947 non
861 1903 1002 1965 possum,
1027 1887 1204 1948 Amazones
1220 1886 1370 1948 exhibere

197 2012 262 2053 non
284 1996 372 2071 puto.
419 1993 458 2052 ln
482 1991 588 2052 media
610 1991 735 2070 pictura
762 1992 854 2053 miles
882 1991 923 2052 ad
952 1991 1113 2054 sinistram
1151 2012 1261 2054 versus
1285 2013 1370 2072 genu

198 2103 230 2159 et
252 2098 400 2159 bracchio
424 2097 551 2159 sinistro
574 2096 700 2169 nititur;
730 2117 826 2176 quem
849 2096 914 2157 duo
936 2096 996 2159 viri
1029 2098 1064 2159 in
1087 2097 1200 2159 dextra
1226 2099 1370 2178 picturae

197 2208 286 2283 parte
309 2204 405 2283 positi
427 2208 588 2283 protegere
611 2207 774 2265 conantur.
817 2203 857 2265 In
880 2203 979 2264 altera
993 2207 1082 2283 parte
1097 2204 1145 2266 vir
1168 2205 1321 2268 barbatus
1339 2211 1371 2268 01

199 2311 318 2385 tunica,
344 2311 441 2390 pelle,
477 2311 611 2385 casside,
640 2311 798 2390 pharetra,
833 2307 939 2387 gladio
965 2309 1139 2372 instructus
1167 2310 1370 2374 dextrorsum

199 2436 326 2478 currens
350 2417 499 2494 sagittam
521 2417 556 2478 in
579 2416 698 2478 milites
720 2415 834 2488 mittit;
864 2416 1008 2493 sequitur
1034 2417 1165 2491 femina,
1194 2421 1232 2478 ut
1255 2436 1370 2497 corpus

199 2523 272 2583 albo
286 2522 449 2602 pigmento
465 2523 639 2584 coloratum
656 2521 757 2596 docet,
781 2521 920 2583 similem
943 2522 978 2582 in
1000 2523 1134 2584 modum
1150 2527 1282 2597 armata,
1308 2523 1370 2585 nisi

200 2628 286 2707 quod
309 2628 425 2708 pellem
448 2650 513 2690 non
544 2629 650 2702 habet,
686 2648 768 2718 quae
801 2627 898 2689 etiam
926 2629 1075 2706 sagittam
1103 2628 1217 2700 mittit;
1255 2628 1370 2690 deinde

200 2734 278 2796 alter
311 2735 359 2797 vir
392 2735 470 2796 item
503 2735 652 2812 sagittam
683 2733 793 2808 mittit,
827 2753 923 2812 quem
958 2735 1101 2814 sequitur
1128 2734 1226 2797 altera
1248 2735 1371 2797 femina

199 2841 345 2903 similiter
367 2842 530 2916 instructa,
555 2841 617 2902 nisi
640 2841 726 2921 quod
749 2841 897 2920 pharetra
919 2861 1022 2902 carere
1044 2841 1183 2912 videtum
1208 2846 1371 2920 postrema

200 2948 300 3025 figura
322 2947 439 3027 partim
462 2948 580 3008 reiecta
602 2951 657 3009 est.
704 2947 792 3018 Quae
815 2947 963 3020 feminae,
988 2965 1062 3008 cum
1086 2947 1168 3008 duae
1191 2949 1370 3010 Amazones

198 3072 274 3114 arcu
295 3053 468 3115 instructae
490 3053 524 3113 in
547 3056 614 3114 tam
638 3053 769 3131 antiquo
791 3072 866 3114 vase
888 3051 1044 3132 permirae
1071 3053 1145 3128 sint,
1174 3057 1272 3132 atque
1295 3074 1369 3116 cum

198 3159 275 3221 viris
298 3161 474 3221 Amazones
502 3159 595 3220 sociis
622 3159 656 3220 in
678 3158 811 3239 picturis
839 3178 905 3220 non
927 3162 1068 3233 utantur,
1096 3160 1274 3221 Amazones
1303 3180 1370 3224 esse

199 3264 254 3327 vix
277 3269 422 3345 possunt,
451 3284 658 3345 quamquam,
690 3270 727 3327 ut
755 3264 833 3340 dixi,
868 3263 1114 3344 explicationem
1147 3265 1182 3326 in
1216 3271 1371 3346 promptu

198 3391 263 3432 non
285 3371 397 3434 habeo

287 3478 328 3555 (γ)
352 3479 435 3540 Vasa
458 3476 565 3539 Attica
587 3477 664 3540 atris
686 3477 796 3556 figuris
818 3475 999 3556 posterioris
1022 3477 1144 3556 generis
1166 3484 1294 3541 ornata:

286 3584 331 3661 (1)
353 3585 500 3663 Hoplites
523 3584 564 3646 ad
588 3584 733 3646 dextram
755 3602 865 3645 versus
888 3583 1014 3644 hastam
1035 3584 1190 3646 Amazoni
1212 3583 1369 3667 intendit;

272 3777 292 3842 ¹)
311 3772 380 3828 Olim
399 3774 528 3844 principis
547 3774 658 3830 (lanino.

271 3866 292 3929 ²)
312 3861 364 3928 (De
384 3862 472 3931 Witte)
499 3863 593 3918 Notiee
625 3880 670 3918 sur
701 3860 742 3917 les
773 3877 850 3916 vases
881 3862 971 3931 points
998 3863 1025 3916 et
1052 3860 1069 3917 1
1096 3861 1189 3918 reliels
1216 3862 1252 3917 du
1280 3862 1371 3920 111060

198 3947 295 4019 Napol.
314 3950 360 4017 Ill,
379 3966 405 4019 p.
426 3952 468 4019 15,
486 3968 531 4007 no.
550 3953 593 4007 26.

270 4041 293 4105 ⁸)
311 4038 391 4093 Areh.
410 4038 485 4105 Zeit,
506 4040 582 4107 1884,
600 4056 627 4109 p.
647 4040 689 4093 66.

270 4126 292 4200 ⁴)
310 4125 430 4185 Dumont
448 4130 475 4181 et
493 4127 635 4198 Ghaplain‚
655 4127 673 4182 l.
692 4127 721 4194 1.,
740 4143 766 4198 p.
786 4128 892 4195 333,·1.
915 4128 938 4183 1.
