2910 4650
685 312 892 377 ..23-

293 507 459 588 Amphora
481 507 626 567 Romana
647 507 808 569 inmuseo
832 509 1011 589 Capitolino
1027 513 1149 572 servata
1158 503 1192 586 ¹):
1217 509 1388 573 Hercules

201 632 301 674 manu
324 612 452 674 sinistra
474 613 669 674 Amazonem
684 613 851 675 cadentem
878 615 1128 694 conprehensam
1151 619 1250 690 tenet,
1276 635 1386 694 quam

202 719 291 781 clava
309 719 533 780 interfecturus
557 723 620 790 est;
652 719 687 781 in
710 719 823 781 dextra
842 726 931 800 parte
947 723 1099 796 Amazon,
1123 721 1216 782 hasta
1237 721 1385 798 intenta,

201 825 338 886 amicam
361 828 521 904 protegere
545 829 690 897 conatur;
722 825 757 886 in
780 826 879 887 altera
897 831 987 906 parte
1007 826 1100 888 tertia
1123 845 1140 886 e
1163 846 1276 906 pugna
1299 828 1383 890 exit.

201 930 248 992 cf.
273 950 378 1011 supra,
402 951 434 1009 p.
461 928 501 993 16
525 949 593 1009 sqq.

290 1037 355 1098 Vas
370 1036 568 1115 (amphoral)
583 1035 751 1098 Urbibenti
765 1042 927 1118 repertum
935 1033 971 1117 ²):
989 1038 1142 1099 Hercules
1154 1057 1228 1100 cum
1246 1038 1384 1104 duabus

202 1141 417 1203 Amazonibus
440 1146 575 1221 pugnat3
600 1142 635 1202 in
657 1143 786 1204 alterius
801 1143 908 1205 lateris
924 1144 1058 1223 pictura,
1076 1163 1157 1222 quae
1173 1143 1313 1206 fortasse
1339 1147 1383 1208 ad

201 1247 336 1309 eandem
359 1266 501 1327 pugnam
523 1247 687 1310 referenda
709 1254 766 1323 est,
790 1252 853 1311 tres
876 1251 1053 1312 Amazones
1076 1249 1196 1310 auxilio
1220 1253 1313 1310 eunt.

291 1353 461 1432 Aryballus
477 1355 597 1415 Bonon.
610 1348 737 1432 1381⁸):
756 1354 908 1416 Hercules
921 1374 1020 1416 manu
1033 1355 1161 1417 sinistra
1172 1355 1381 1418 Amazonem

202 1479 286 1539 genu
302 1459 413 1520 nixam
427 1464 522 1534 tenet,
541 1460 630 1522 clava
642 1480 713 1521 eam
724 1460 961 1534 interfecturus3
980 1463 1032 1523 cui
1048 1462 1147 1522 altera
1158 1462 1306 1522 Amazon
1325 1483 1381 1525 au-

204 1565 319 1628 xilium
342 1566 412 1627 fert.
448 1566 523 1627 Post
538 1566 710 1628 Herculem
725 1566 818 1628 miles
834 1567 875 1628 ad
892 1568 1053 1629 sinistram
1068 1586 1177 1629 versus
1192 1566 1327 1629 hastam
1346 1570 1382 1630 in

203 1674 398 1733 Amazonem
415 1671 563 1747 intendit,
588 1691 668 1751 quae
695 1671 736 1733 ad
760 1672 922 1734 sinistram
939 1693 1029 1735 versa
1049 1679 1080 1735 et
1099 1692 1182 1751 genu
1203 1673 1314 1736 nitens
1338 1676 1382 1737 ad

200 1779 337 1839 alterum
359 1777 496 1838 militem
521 1779 638 1852 oculos,
663 1778 755 1855 quasi
775 1798 849 1839 eum
864 1779 1049 1859 implorans,
1074 1779 1170 1851 tollit;
1199 1777 1227 1840 is
1243 1779 1382 1844 acinace

202 1904 273 1944 eam
296 1903 502 1963 percussurus
526 1888 581 1945 est.
601 1899 603 1902 ’
621 1883 710 1956 Quae
733 1884 858 1962 pictura
880 1890 1014 1947 venusta
1037 1886 1119 1947 inter
1134 1884 1232 1946 severi
1249 1887 1383 1962 generis

200 1989 388 2068 posteriores
411 1988 559 2068 ponenda
582 1993 638 2050 est.

209 2100 212 2105 '
290 2096 432 2157 Paterae:
467 2094 603 2155 Londin.
630 2094 657 2154 u
686 2094 728 2156 32
757 2092 890 2174 (821)⁴):
927 2098 1080 2160 Hercules
1113 2096 1231 2173 (inser.)
1259 2096 1384 2162 dextra

201 2201 343 2281 gladium
366 2208 478 2264 tenens
501 2200 629 2262 sinistra
645 2202 814 2264 Amazonis
838 2215 965 2266 scutum
988 2202 1166 2283 prehendit,
1191 2220 1274 2279 quae
1298 2211 1384 2268 ante

200 2328 275 2370 eum
303 2328 430 2370 currens
465 2307 601 2386 respicit,
638 2307 828 2388 hostemque
861 2309 1009 2370 intendit.
1056 2309 1155 2387 Prope
1190 2328 1262 2368 eam
1298 2317 1386 2374 sunt

199 2414 331 2487 litterae,
348 2418 385 2474 ut
400 2433 456 2491 ego
471 2413 602 2492 quidem
619 2414 747 2487 credidi,
775 2463 781 2474 .
808 2464 814 2476 .
842 2463 848 2476 .
875 2411 918 2475 Δ.
939 2411 985 2472 01
995 2415 1063 2493 (pro
1082 2410 1382 2491 asimensium

200 2520 373 2597 catalogus,
511 2515 564 2588 013
608 2519 688 2581 CIG.
726 2519 827 2595 7760,
866 2515 1031 2598 Krioa.
1088 2520 1165 2581 Post
1198 2520 1384 2585 Herculem

198 2625 333 2704 Lycopis
356 2624 474 2702 (inser.)
497 2625 539 2685 ad
560 2625 722 2686 sinistram
750 2646 878 2689 currens
900 2626 1037 2706 respicit,
1074 2643 1273 2702 manumque
1299 2627 1384 2691 dex-

199 2735 282 2791 tram
305 2731 401 2803 tolh't3
426 2730 535 2792 tunica
557 2731 654 2806 brevi,
678 2732 783 2808 lorica,
808 2733 905 2795 mitra
926 2731 1073 2810 Phrygia,
1101 2733 1259 2811 pharetra,
1297 2753 1385 2798 arcu

199 2837 353 2899 instructa
376 2841 432 2898 est.
730 2851 731 2854 ’

287 2943 438 3016 Parisina,
462 2964 482 3004 a
505 2943 701 3023 Oleophrade
724 2937 851 3021 iacta⁵):
881 2945 1058 3022 fragmenta
1084 2944 1119 3005 in
1141 2945 1384 3011 nummotheca

272 3079 292 3144 ¹)
310 3077 378 3132 Bull.
397 3077 460 3133 dell'
479 3080 553 3146 lnst,
573 3079 651 3146 1866,
671 3095 697 3149 p.
717 3078 778 3146 214,
797 3095 841 3136 no.
860 3081 908 3147 42;
931 3081 1006 3147 1876,
1025 3098 1052 3150 p.
1074 3081 1132 3136 131.

271 3167 291 3233 ²)
310 3165 377 3220 Bull.
398 3166 649 3234 dell’Inst.,1875,
670 3183 696 3236 p.
719 3168 782 3233 131;
802 3166 836 3222 ci.
854 3167 933 3236 infra,
952 3185 978 3239 p.
997 3169 1040 3223 56.

270 3258 292 3315 8)
311 3254 495 3326 Heydernznu,
527 3254 711 3325 Mitteilungen
745 3271 794 3309 aus
821 3255 873 3311 den
901 3255 1203 3327 Antikensammlungen
1231 3257 1257 3310 in
1288 3258 1381 3316 Ober⁴

199 3342 252 3396 und
266 3331 471 3409 Mutet-italien,
487 3360 512 3412 p.
524 3342 570 3408 573
589 3343 717 3407 Roscher‚
730 3342 858 3411 Lexikon,
871 3344 892 3412 I,
904 3361 931 3415 p.
943 3345 1020 3399 2203.
1035 3344 1151 3414 Graphis
1164 3345 1190 3398 iu
1204 3344 1381 3406 bibliotheca

200 3430 283 3507 musei
301 3430 398 3498 Berol,
417 3432 499 3497 XXII,
519 3433 553 3486 63
599 3431 823 3501 Furtwaenglcro,
848 3432 903 3487 viro
922 3433 1077 3487 doctiaesimo
1096 3437 1123 3488 et
1146 3449 1270 3487 vasorum
1299 3439 1375 3504 peri·

197 3514 311 3594 tissimo,
334 3519 378 3589 qui
403 3536 445 3574 me
464 3520 542 3575 etde
562 3521 613 3574 hoc
631 3536 695 3575 vase
714 3524 740 3575 et
759 3520 792 3575 de
811 3519 871 3574 aliis
890 3524 1063 3591 quaerentem
1087 3521 1160 3589 iuvit,
1185 3521 1286 3600 gratias
1310 3541 1377 3594 ago.

199 3606 279 3661 Falso
298 3608 324 3662 iu
344 3608 467 3678 catalogo
487 3625 540 3662 una
558 3609 678 3663 Amazon
696 3608 772 3679 pelta
789 3608 919 3663 instructa
937 3624 997 3664 esse
1016 3609 1120 3664 dicitur.
1224 3640 1225 3644 ,

269 3697 290 3763 ⁴)
309 3696 428 3751 Durzndi
447 3696 512 3763 4283
534 3695 666 3763 Panoilra,
684 3696 868 3766 Eigennzmcn
887 3696 936 3750 mit
954 3699 1036 3765 καλός,
1055 3714 1081 3768 p.
1102 3699 1136 3752 93
1156 3695 1304 3765 (Abhandl.
1324 3698 1379 3756 der

198 3783 317 3838 Berliner
336 3783 430 3850 Akad,
452 3785 542 3850 1849);
571 3783 650 3852 Jahn,
672 3784 783 3839 Dichter
801 3783 849 3838 auf
865 3784 1050 3852 Vasenbilder,
1073 3787 1129 3841 tab.
1154 3786 1191 3839 lll
1217 3788 1288 3853 etp.
1309 3786 1377 3858 756,

199 3858 240 3924 ho.
262 3871 437 3938 1(Abhandl.
457 3871 504 3926 der
523 3873 602 3927 hoen.
623 3874 725 3926 saechs.
746 3871 894 3927 Gesellsoh.
914 3872 962 3927 der
971 3873 1140 3940 wissensch,
1157 3874 1252 3942 1861),
1281 3873 1376 3946 Klein,

198 3957 303 4034 Griech.
322 3959 410 4014 Vasen
430 3960 478 4013 mit
495 3960 770 4030 Meistersignaturcn,
789 3977 815 4029 p.
836 3960 897 4028 122,
917 3976 961 4015 no.
982 3961 1029 4028 17;
1048 3960 1136 4029 Klein,
1155 3960 1259 4017 Grieoh.
1280 3961 1376 4020 Vasen

198 4045 246 4102 mit
264 4045 506 4116 Lieblingsinschr,
526 4064 552 4116 p.
572 4047 613 4103 35.
1293 4052 1296 4057 ⁴

270 4135 290 4206 ⁸)
310 4133 423 4206 huynes,
442 4135 611 4208 Description
632 4137 665 4191 de
684 4135 816 4208 quelques
835 4152 912 4191 reses
930 4136 1028 4205 peinis,
1050 4138 1104 4192 tab.
1124 4136 1171 4202 44;
1199 4136 1278 4203 Jahn,
1299 4139 1374 4194 Anu.
