2910 4650
610 327 832 394 -81-.-

225 527 296 587 Hoc
329 526 398 586 loco
427 523 524 585 etiam
547 522 817 585 conmemoranda
839 526 916 583 sunt
936 521 1115 600 fragmenta
1137 525 1264 600 paterae
1274 515 1304 598 ¹),

138 651 219 710 quae
242 631 376 692 eandem
399 650 467 691 rem
490 629 676 691 exhibebat:
716 627 865 690 Herculis
898 627 981 688 nihil
1002 627 1066 691 nisi
1088 631 1186 707 caput
1207 646 1306 689 serva·

137 744 208 799 tum
232 742 292 809 est3
317 740 513 797 Amazonem
536 735 703 798 cadentem
736 735 786 797 vel
819 733 913 795 humi
946 734 1102 795 iacentem
1130 733 1234 794 amica
1256 732 1306 794 de·

137 842 249 917 tendit,
273 847 433 922 postremo
455 841 646 919 inutraque
669 845 757 921 parte
781 842 924 902 Amazon
946 858 979 901 se
1002 859 1020 900 e
1041 858 1149 923 pugna
1170 838 1308 919 recipere

137 949 274 1020 videtum
300 948 377 1010 satis
399 947 481 1008 mira
503 951 551 1010 est
573 945 737 1026 inscriptio
763 942 915 1030 Ηερακλες
934 938 1087 1025 αγαθος.’)

226 1055 286 1116 HI.
311 1054 465 1116 Hercules
487 1053 598 1115 tunica
630 1057 662 1115 et
683 1051 783 1114 leonis
806 1051 888 1131 pelle
910 1051 1044 1113 vestitus
1078 1049 1120 1112 ad
1143 1050 1306 1114 sinistram

137 1179 246 1224 versus
269 1165 326 1222 est.

227 1266 405 1327 Cantharus
433 1265 615 1345 Campanae
648 1283 669 1325 a
690 1265 776 1324 Dure
809 1263 923 1338 facitis,
957 1280 1044 1324 nunc
1066 1261 1224 1324 Bruxellis
1248 1280 1308 1324 ser-

137 1367 275 1449 vatus'):
311 1372 345 1431 in
368 1390 432 1431 uno
454 1370 552 1432 latere
574 1369 737 1442 Hercules,
772 1387 883 1429 arcum
909 1367 1037 1431 sinistra
1069 1373 1190 1443 tenens,
1213 1369 1308 1429 Ama·

139 1478 225 1538 zonis
259 1481 370 1554 pectus
403 1475 508 1553 gladio
541 1474 722 1537 transfodit.
767 1475 815 1535 Ila
847 1473 957 1535 tunica
989 1474 1086 1548 brevi,
1122 1473 1307 1549 chitonisco‚

139 1582 270 1656 casside,
294 1582 442 1660 pharetra
463 1581 617 1644 instructa
648 1579 791 1660 gladium
825 1580 978 1658 evagina
1011 1579 1143 1641 educere
1166 1585 1307 1655 conatur,

139 1693 171 1749 et·
193 1692 290 1767 caput
323 1686 365 1748 ad
398 1687 560 1749 sinistram
593 1691 778 1764 retorquens
812 1684 929 1764 supina
959 1684 1053 1747 cadit.
1100 1684 1206 1757 Quam
1239 1704 1308 1765 pro·

138 1793 217 1872 tegit
245 1794 343 1854 altera
377 1794 520 1854 Amazon
543 1792 655 1854 eodem
677 1791 774 1853 modo
807 1790 931 1864 vestita,
965 1795 1126 1870 praeterea
1153 1791 1255 1871 clipeo
1277 1795 1310 1852 et

138 1899 243 1978 gladio
265 1899 430 1973 instructa,
454 1916 535 1977 quae
558 1897 599 1958 ad
623 1897 770 1958 dextram
791 1915 882 1958 versa
903 1899 1013 1958 contra
1038 1896 1210 1958 Herculem
1232 1914 1308 1976 pug-

138 2011 202 2067 nat.
250 2005 325 2067 Post
359 2023 432 2066 eum
456 2004 549 2065 tertia
571 2003 710 2065 similem
744 2002 779 2063 in
801 2002 936 2064 modum
969 2001 1125 2064 instructa
1158 2007 1191 2064 et
1225 2021 1309 2082 genu

139 2112 216 2172 nixa
238 2111 387 2190 sagittam
409 2111 444 2171 in
467 2128 541 2170 eum
568 2108 679 2171 mittit.
725 2109 887 2170 Postremo
921 2112 1034 2186 quarta
1067 2108 1177 2170 tunica
1209 2108 1307 2182 brevi,

139 2216 244 2291 lorica,
269 2215 399 2290 casside,
423 2216 580 2296 pharetra,
604 2218 694 2276 scuto
709 2215 836 2276 munita
857 2214 984 2275 hastam
1006 2214 1041 2274 in
1064 2234 1137 2276 eum
1160 2214 1308 2276 intendit.

138 2324 177 2384 In
212 2324 310 2385 altero
344 2323 427 2386 vasis
455 2322 562 2396 latere,
598 2339 662 2400 quo
695 2320 807 2382 eadem
841 2339 949 2400 pugna
982 2312 1151 2382 inlustrata
1172 2321 1307 2395 videtur,

138 2430 230 2492 miles
253 2429 294 2490 ad
317 2428 478 2491 sinistram
500 2445 609 2490 versus
632 2426 776 2506 gladium
797 2426 833 2487 in
855 2426 1025 2489 Amazonis
1048 2425 1166 2487 collum
1189 2425 1307 2489 condit.

138 2536 187 2595 Ea
213 2534 323 2595 tunica
356 2533 453 2607 brevi,
490 2532 674 2609 chitonisco‚
710 2531 841 2605 casside,
876 2532 1033 2612 pharetra,
1069 2537 1168 2607 scuta,
1203 2533 1309 2611 gladio

139 2645 270 2714 armata,
294 2639 407 2701 dextra
422 2657 521 2700 manu
543 2639 683 2701 innitens
706 2644 738 2700 et
760 2642 858 2718 caput
879 2638 921 2699 ad
941 2638 1102 2699 sinistram
1124 2643 1308 2716 retorquens

141 2745 258 2824 supina
282 2743 376 2805 cadit.
423 2745 531 2807 Altera
553 2747 697 2807 Amazon
719 2744 866 2807 similiter
888 2744 1003 2805 vestita
1034 2749 1066 2804 et
1098 2743 1140 2805 ad
1162 2743 1308 2805 dextram

138 2871 229 2914 versa
258 2870 330 2912 eam
357 2850 525 2913 defendere
552 2855 693 2925 conatur,
729 2851 823 2912 hasta
855 2849 952 2910 militi
979 2848 1116 2922 intenta;
1152 2850 1308 2929 tertiaque

138 2957 295 3036 pharetra,
320 2974 404 3031 arcu,
429 2957 530 3019 securi
552 2961 674 3018 armata
697 2956 739 3018 ad
761 2957 923 3018 sinistram
945 2954 1147 3035 progrediens
1170 2956 1307 3037 respicit.

137 3064 213 3126 Post
235 3062 372 3124 militem
396 3068 509 3141 quarta
531 3065 672 3125 Amazon
696 3063 737 3124 ad
760 3063 921 3124 sinistram
936 3080 1027 3124 versa
1048 3082 1158 3124 arcum
1181 3063 1309 3125 sinistra

136 3175 257 3243 tenens,
282 3168 395 3230 dextra
416 3187 515 3229 manu
538 3168 699 3230 acinacem
714 3168 911 3243 destrictum,
935 3172 973 3229 ut
994 3187 1068 3230 eum
1088 3168 1190 3243 feriat,
1214 3169 1307 3230 tollit.

225 3277 281 3338 IV.
306 3275 460 3337 Hercules
484 3293 557 3335 cum
573 3275 734 3335 Amazone
756 3293 776 3335 a
798 3279 885 3354 tergo
900 3293 976 3336 eum
990 3273 1160 3336 invadente
1175 3279 1306 3354 pugnat.

211 3521 230 3589 ¹)
248 3520 376 3583 Roscher,
405 3516 533 3586 Lexikon,
559 3517 580 3586 Ι,
607 3534 634 3587 ρ,
654 3518 732 3575 2203.
775 3516 882 3572 Gratias
906 3515 1037 3570 maximas
1060 3517 1155 3569 horurn
1173 3514 1307 3585 fragmen·

136 3610 223 3661 torum
241 3607 392 3677 possessori
411 3622 471 3676 ago,
490 3604 536 3676 qui
555 3622 659 3660 summa
676 3605 802 3660 comitate
820 3603 966 3674 graphidos
984 3603 1048 3656 mihi
1066 3602 1147 3658 dedit.

93 3725 95 3730 ·
208 3699 229 3763 ²)
249 3695 378 3769 Hydriam
401 3693 556 3749 Londinl}
581 3695 633 3749 198
656 3693 734 3760 (756;
762 3691 969 3759 d’Hancarville,
993 3690 1038 3757 lV,
1056 3690 1112 3746 tab.
1131 3691 1186 3760 50),
1206 3690 1307 3761 quippe

137 3799 207 3852 quae
225 3783 260 3837 ad
278 3782 453 3857 posteriorem
472 3785 589 3836 aetatem
607 3779 749 3836 referenda
767 3796 828 3835 esse
847 3780 975 3845 videatur,
995 3779 1081 3833 omisi.

207 3873 230 3938 ⁸)
248 3871 375 3929 Memoris
397 3869 459 3924 dell‘
483 3870 558 3936 Inst,
586 3869 619 3935 ll,
652 3869 709 3925 tab.
730 3872 762 3923 11
786 3873 814 3923 et
840 3886 867 3938 p.
886 3869 939 3923 393
958 3883 1032 3938 sqq.;
1059 3867 1164 3922 Wiener
1182 3866 1307 3935 Vorlegc·

136 3958 259 4025 blaetter,
283 3958 338 4026 vll,
365 3958 512 4024 tab.4‚1a,
534 3957 585 4023 1b;
613 3958 694 4011 Arch.
714 3956 788 4024 Zeit,
818 3957 896 4025 1846,
914 3973 941 4026 p.
961 3956 1027 4023 2873
1055 3954 1190 4022 Panofka,
1208 3953 1306 4025 Rigon-

135 4063 232 4102 namen
251 4047 299 4103 mit
309 4048 399 4118 ¹arculis,
419 4061 445 4114 p.
455 4046 503 4112 753
522 4044 609 4112 Klein,
628 4043 735 4100 (triech.
744 4045 834 4102 Vasen
853 4046 901 4101 mit
918 4043 1188 4114 Meistersignaturen,
1206 4058 1234 4113 p.
1244 4044 1305 4112 160,

136 4152 179 4189 no.
200 4137 242 4189 22.
