2910 4650
621 367 664 378 ..
707 331 754 397 <20
785 367 842 381 ..,.

234 525 306 586 Hoc
328 525 397 586 loco
419 525 517 586 etiam
539 530 775 587 conmemorare
800 526 875 587 licet
902 527 1100 609 amphoram,
1123 531 1160 589 ut
1181 527 1328 603 videtur,

147 630 296 691 mutilam
318 631 396 691 olim
420 631 632 710 Campanarii,
656 636 766 711 postea
789 631 926 693 Leakeii.
934 625 955 710 ¹)
999 632 1039 692 In
1065 632 1171 694 media
1193 633 1330 712 pictura

146 742 222 797 sunt
244 735 361 814 figurae
383 736 530 797 Herculis
557 741 589 797 et
611 736 863 812 Andromachae,
891 736 989 799 altero
1015 742 1105 800 tanto
1127 758 1229 817 paene
1256 760 1330 801 ma-

146 841 228 904 iores
251 842 362 904 ceteris
382 834 500 919 figuris.
547 843 710 917 Hercules,
734 844 790 922 qui
813 842 969 905 cassidem
994 843 1164 913 Amazonis
1191 863 1328 924 conpre-

146 948 280 1010 hensam
303 952 399 1021 tenet,
424 953 455 1009 et
476 947 557 1028 pede
580 949 707 1010 sinistro
722 969 793 1010 eam
817 948 979 1028 obprimit,
1003 954 1113 1028 pectus
1136 950 1204 1011 eius
1227 950 1329 1013 hasta

146 1054 292 1132 percutit.
338 1054 386 1114 Ea
405 1073 489 1132 genu
511 1054 588 1114 nixa
606 1054 955 1134 gladiumscutumque
978 1074 995 1114 e
1014 1054 1164 1116 manibus
1187 1057 1326 1120 amittit.

145 1158 392 1221 Broendstedius
420 1159 498 1221 dicit
531 1179 602 1220 eam
635 1165 758 1238 praeter
795 1161 938 1222 tunicam
972 1160 1110 1235 brevem,
1144 1161 1327 1239 thoracem,

146 1264 312 1339 cassidem,
336 1268 442 1328 ocreas
466 1265 561 1326 etiam
585 1264 688 1327 bracis
710 1266 858 1328 vestitam
882 1286 958 1329 esse.
1010 1269 1054 1329 At
1077 1286 1151 1328 eum
1177 1268 1233 1330 vix
1258 1290 1327 1332 cre

146 1370 244 1432 dibile
267 1371 309 1433 sit
331 1370 440 1432 bracas
464 1389 538 1431 cum
561 1371 618 1431 tali
641 1376 802 1433 armatura
824 1373 1009 1436 coniunctas
1032 1393 1109 1448 esse,
1133 1374 1227 1435 credo
1243 1395 1327 1438 eum

143 1478 303 1539 erravisse.
350 1480 379 1538 A
402 1476 514 1538 dextra
535 1478 676 1556 picturae
699 1483 788 1557 parte
810 1479 927 1539 Alcaea
952 1479 1045 1540 hasta
1068 1480 1187 1541 sociam
1210 1480 1325 1544 defen-

145 1582 206 1655 dit;
231 1582 271 1643 ab
295 1583 394 1644 altera
415 1586 504 1662 parte
526 1583 680 1644 Telamon
703 1603 797 1662 super
825 1578 991 1663 Glauces²)
1019 1604 1132 1664 corpus
1160 1589 1327 1665 progredi·

144 1707 200 1750 ens
227 1689 360 1749 Herculi
392 1689 549 1749 auxilium
576 1689 646 1750 fert.
698 1689 737 1749 ln
765 1690 863 1751 altero
892 1690 976 1752 vasis
999 1690 1095 1751 latere
1123 1696 1198 1752 sunt
1227 1696 1327 1771 quin-

144 1814 206 1873 que
221 1796 398 1857 Amazones
414 1796 506 1873 quasi
520 1796 554 1855 in
569 1815 711 1875 pugnam
728 1801 849 1870 euntes,
867 1815 1003 1874 quarum
1019 1798 1151 1858 nomina
1166 1803 1327 1876 quattuor

143 1906 266 1963 servata
288 1906 364 1963 sunt
379 1901 560 1978 (Antariste,
584 1903 690 1975 Areto,
715 1902 847 1980 Aenipe,
872 1902 1048 1980 Anaxilea).
1088 1904 1326 1968 Broendstedio

143 2007 208 2068 duo
230 2007 329 2067 latera
354 2007 389 2067 in
411 2026 510 2067 unam
538 2008 696 2086 picturam
725 2007 945 2085 coniungenda
972 2007 1169 2069 videbantur.
1222 2009 1326 2081 Quod

143 2113 280 2175 dubium
303 2117 366 2184 est;
402 2133 478 2173 nam
506 2112 604 2172 latera
634 2113 861 2191 amphorarum
890 2113 965 2174 atris
994 2113 1102 2192 figuris
1130 2120 1325 2180 ornatarum

141 2238 260 2281 raroeo
275 2218 371 2283 modo
387 2219 606 2297 coniungenda
622 2223 710 2289 sunt;
734 2238 836 2296 neque
856 2218 891 2277 in
914 2219 974 2279 hoc
996 2239 1070 2282 vase
1085 2221 1211 2283 videtur
1238 2242 1325 2301 esse,

142 2343 198 2386 cur
222 2324 258 2386 id
284 2325 448 2386 iaciamus.
501 2324 601 2385 Credo
624 2325 720 2402 igitur
747 2327 933 2399 Amazones,
961 2326 1055 2386 utin
1078 2327 1148 2388 aliis
1170 2328 1323 2407 picturis,

140 2432 186 2493 ita
208 2431 261 2492 hic
283 2431 318 2491 in
340 2450 481 2509 pugnam
509 2430 684 2507 quamlibet
708 2430 942 2509 progredientes
965 2431 1106 2510 depictas
1130 2452 1211 2505 esse;
1241 2436 1324 2498 vide

140 2537 232 2612 infra,
256 2558 287 2616 p.
312 2532 365 2597 54.

229 2644 299 2703 XV.
346 2641 470 2719 Figuris
485 2642 632 2704 Herculis
655 2648 686 2703 et
701 2642 871 2704 Amazonis
887 2643 1009 2704 accedit
1023 2645 1057 2705 in
1074 2651 1207 2723 utraque
1223 2656 1322 2726 parte

62 2784 66 2791 ·
140 2752 292 2823 Amazon,
322 2768 403 2826 quae
425 2749 595 2828 respiciens
624 2749 780 2828 proelium
804 2749 963 2827 relinquit,
993 2750 1108 2811 deinde
1137 2753 1172 2811 in
1200 2752 1322 2819 dextra

139 2861 228 2935 parte
252 2860 364 2933 quarta
379 2856 530 2928 Amazon,
548 2874 629 2932 quae
652 2856 755 2934 capite
778 2854 820 2915 ad
836 2855 981 2915 dextram
997 2861 1112 2917 retorto
1129 2860 1266 2936 conruit,
1286 2871 1320 2926 et

139 2962 173 3022 in
196 2961 324 3024 sinistra
345 2965 435 3040 parte
458 2961 558 3033 miles,
583 2961 639 3038 qui
661 2961 793 3022 Herculi
816 2961 958 3022 subsidio
981 2963 1076 3023 venit.

227 3067 393 3146 Amphora
415 3066 492 3128 olim
515 3067 635 3128 Romae
658 3066 745 3145 apud
768 3071 975 3128 mercatorem
999 3065 1201 3147 quendam.³)

212 3309 233 3375 Ι)
249 3307 424 3376 Broendsted,
454 3311 477 3362 A
503 3308 574 3364 brIef
593 3309 757 3377 description
783 3308 814 3364 of
834 3311 869 3364 32
893 3310 999 3364 ancient
1022 3297 1101 3366 vases
1124 3313 1206 3384 lately
1225 3312 1315 3372 found

138 3397 174 3469 by
201 3396 250 3452 Mr.
274 3396 443 3466 Campanari,
463 3397 556 3464 Lond,
583 3398 662 3464 1832,
690 3414 733 3452 no.
753 3398 802 3466 283
832 3397 912 3466 Jahn,
940 3401 1008 3453 Anu.
1037 3399 1099 3453 dell’
1126 3400 1200 3467 lost,
1231 3403 1314 3474 1864,

128 3502 164 3555 p.
184 3485 237 3541 239
256 3501 311 3555 sq.;
340 3484 515 3555 Kluegmann,
542 3484 767 3543 Die'Amazoncn
792 3486 820 3541 in
844 3487 891 3541 der
909 3490 957 3542 att.
977 3486 1121 3542 litterator
1139 3490 1193 3542 und
1212 3490 1313 3563 Kunst‚

137 3591 165 3644 p.
184 3575 232 3641 53;
262 3573 394 3640 Panoika,
417 3574 496 3630 Arch.
518 3573 691 3641 zeit.‚184s,
715 3590 742 3643 p.
762 3576 822 3632 207.
872 3575 1081 3631 Broendstedius
1109 3593 1157 3631 vas
1184 3577 1313 3650 hydriam

137 3661 241 3716 duabus
251 3661 324 3716 ansis
337 3661 486 3731 praeditam
499 3661 687 3731 (amphoram),
698 3661 822 3716 Panofka
830 3667 953 3733 pateram
964 3679 1023 3718 esse
1037 3664 1113 3732 dicit3
1135 3666 1186 3719 hoc
1196 3682 1225 3720 se
1234 3673 1312 3724 recte

136 3751 235 3806 habere
253 3767 307 3804 non
326 3754 426 3820 potest,
440 3752 469 3803 ut
481 3765 496 3803 e
509 3749 652 3819 figurarum
664 3751 777 3806 duarmn
795 3751 945 3820 altitudine,
961 3768 1030 3823 quae
1050 3770 1144 3808 novem
1164 3755 1311 3824 digitorum

136 3843 207 3906 sunt,
225 3838 345 3907 adparet.

207 3930 229 3993 ²)
247 3925 291 3980 lta
309 3943 368 3980 cum
381 3924 506 3980 Panolka
523 3926 664 3996 legendum
683 3945 743 3983 esse
756 3929 871 3995 videtur;
891 3928 1100 3984 Broendstedius
1113 3929 1214 3985 Lualke
1227 3930 1310 4001 legit3

136 4014 245 4067 Iahnius
264 4015 345 4083 (Anu.
365 4013 427 4068 dell'
447 4014 520 4082 lust,
540 4015 617 4079 1864,
637 4032 663 4085 p.
683 4017 744 4083 239,
764 4034 789 4070 11.
809 4018 837 4084 3)
856 4016 953 4072 Alalke
972 4018 1093 4072 coniecit.

114 4112 119 4127 ’-
206 4105 229 4170 ⁸)
248 4100 379 4168 Gcrhard,
398 4102 531 4156 Auserles.
552 4100 677 4170 Vasenb,
696 4102 729 4170 II,
748 4105 803 4158 tab.
818 4106 877 4159 104.
