2910 4650
666 307 855 372 ...10-

180 498 223 580 (Σ
225 498 279 563 ΟΣ
282 498 375 575 ΞΛ];
401 523 492 565 casus
507 504 664 582 genitivus
679 504 765 566 voois
779 504 815 566 in
830 501 857 563 ὠ
873 505 1027 579 exeuntis,
1044 505 1176 566 fortasse
1191 498 1353 588 ‘limosa

181 608 223 671 ad
245 608 407 671 sinistram
432 629 520 671 versa
542 629 613 670 eam
640 614 801 689 protegere
835 614 976 671 conatur.
1016 610 1199 688 Sequuntur
1225 610 1353 688 sagitta·

180 715 247 778 rius
269 715 431 789 barbatus,
456 715 511 792 qui
534 715 667 793 genibus
690 715 786 777 nixus
809 715 958 793 sagittam
992 716 1034 778 ad
1068 715 1215 776 dextram
1238 716 1351 790 mittit,

181 825 213 883 et
234 820 326 882 miles
346 816 652 899 (animasum,
676 821 732 898 qui
747 822 873 882 hastam
889 822 986 883 etiam
1002 822 1043 883 ad
1059 821 1205 883 dextram
1220 821 1351 883 emittit.

181 927 303 989 Deinde
325 927 501 1006 Toxophile
532 922 784 1005 (saliuosa)
815 926 856 988 ad
884 926 1029 988 dextram
1061 946 1189 991 currens
1222 927 1352 988 hastam

71 1054 77 1065 ·
180 1033 332 1105 intendit;
356 1032 452 1095 mitra
473 1052 571 1110 quarn
594 1032 683 1110 gerit,
707 1032 844 1094 Pottiero
867 1036 947 1094 teste
958 1028 988 1110 ¹),
1023 1033 1168 1094 retectori
1203 1032 1349 1106 debetur;

180 1139 237 1201 sed
258 1157 373 1218 parum
396 1142 479 1199 recte
502 1139 636 1216 figuram
660 1139 854 1200 Amazonem
877 1157 944 1199 esse
964 1138 1012 1199 vir
1031 1139 1084 1200 ille
1105 1138 1217 1200 doetus
1236 1159 1352 1217 negare
1407 1138 1411 1143 ’

180 1245 314 1307 videtur.
353 1246 437 1312 Ante
450 1264 521 1305 eam
534 1244 676 1305 Amazon
691 1244 733 1305 ad
748 1245 895 1306 dextram
908 1264 1007 1318 versa,
1021 1245 1123 1323 eapite
1134 1245 1176 1305 ad
1188 1244 1352 1307 sinistram

180 1355 306 1424 retorto,
330 1348 423 1411 humi
445 1350 536 1424 iacet,
560 1354 650 1410 scuto
685 1350 761 1411 nixa
795 1354 827 1410 et
859 1350 1002 1428 gladium
1036 1368 1189 1429 magnum
1223 1354 1349 1423 tenens;

178 1456 277 1519 cassis
300 1456 368 1518 eius
392 1455 516 1517 duabus
533 1455 634 1516 aristis
651 1455 723 1517 altis
746 1460 857 1517 ornata
872 1461 928 1517 est.
969 1455 1074 1528 Quam
1097 1457 1189 1518 miles
1212 1456 1253 1517 ad
1277 1456 1351 1518 sini-

180 1567 279 1625 stram
294 1581 403 1625 versus
418 1561 523 1640 gladio
538 1581 744 1642 percussurus
760 1566 815 1623 est.
856 1563 929 1623 Aha
945 1563 1087 1624 Amazon
1104 1556 1349 1640 (assartum

179 1668 214 1730 in
237 1667 375 1747 genitivo
398 1668 507 1745 casui)
530 1667 746 1730 sinistrorsum
762 1688 899 1742 currens,
922 1668 1016 1730 hasta
1034 1668 1167 1743 intenta,
1191 1667 1351 1729 auxilium

181 1774 302 1837 amicae
325 1774 415 1858 forts
439 1775 569 1836 mitrata
596 1778 653 1848 est,
688 1773 750 1834 nisi
785 1774 866 1835 forte
899 1774 995 1834 mitra
1028 1774 1173 1835 relectori
1206 1773 1349 1853 debetur.

180 1881 281 1960 Prope
305 1900 376 1941 eam
399 1880 500 1958 figura
526 1879 591 1940 sive
613 1866 673 1940 'viri
697 1879 762 1939 sive
786 1879 956 1940 Amazonis
978 1899 1061 1956 genu
1085 1879 1196 1941 dextro
1219 1879 1296 1940 nixa
1319 1885 1352 1941 et

179 1986 289 2066 tunica
309 1985 406 2060 brevi,
430 1986 535 2059 mitra,
560 1985 716 2064 pharetra,
742 1980 927 2067 ἐπισφυρίοις
957 1984 1113 2046 instructa
1139 1985 1180 2045 ad
1204 1984 1350 2046 dextram

180 2093 329 2171 sagittam
353 2091 463 2152 mittit.
503 2089 653 2168 Sequitur
668 2109 725 2169 par
737 2090 919 2168 figurarum,
933 2109 1014 2170 quae
1031 2091 1072 2152 ad
1085 2091 1230 2153 dextram
1242 2110 1351 2152 versae

180 2202 347 2283 pugnant.¹
373 2197 531 2258 Videntur
554 2195 685 2274 quidem
701 2196 761 2257 viri
784 2216 864 2268 esse;
890 2196 945 2257 sed
968 2215 1042 2256 oum
1059 2201 1168 2257 contra
1179 2197 1262 2259 viros
1273 2217 1350 2277 pug-

181 2306 468 2379 nent‚‘Amazones
490 2302 552 2362 hoo
574 2303 642 2363 loeo
666 2302 877 2380 postulantur.
898 2302 1028 2380 -Itaque,
1048 2303 1233 2382 praesertim
1246 2322 1352 2365 eume

180 2409 365 2490 nominibus
381 2407 436 2469 AN
440 2403 645 2468 raptaret
663 2403 746 2472 lr'th)
752 2405 889 2467 012805
908 2408 1043 2470 alterum
1056 2429 1075 2470 a
1089 2410 1240 2471 retentare
1256 2411 1351 2490 scrip·

181 2520 251 2577 tum
275 2534 342 2578 esse
365 2514 522 2574 Pottierus
545 2518 645 2592 putet,
661 2513 841 2575 ¹uerisimile
864 2512 990 2575 videtur
1012 2515 1128 2592 figuras
1155 2515 1278 2594 aliquid
1305 2536 1351 2576 re·

181 2622 281 2683 tectas
293 2640 370 2683 esse.
396 2621 512 2681 Contra
524 2638 576 2681 eas
587 2624 732 2699 pugnant
744 2619 808 2681 duo
820 2619 938 2681 milites
955 2625 986 2681 et
997 2621 1177 2699 sagittarius
1188 2621 1349 2684 barbatus.

181 2727 303 2788 Deinde
318 2726 410 2788 miles
425 2726 467 2786 ad
484 2724 630 2786 dextram
651 2744 778 2787 currens
790 2727 984 2787 Amazonem
997 2722 1141 2803 (ΠΙΣΊῸ,
1159 2727 1221 2789 nisi
1236 2727 1318 2789 forte
1334 2749 1351 2790 e

180 2833 320 2914 nominis
336 2832 399 2893 fine
420 2823 526 2893 littera
544 2831 650 2911 periit)
671 2830 849 2910 prehendit,
874 2850 955 2908 quae
971 2837 1045 2894 ante
1060 2852 1135 2894 eum
1150 2852 1278 2895 currens
1293 2821 1351 2895 hu·

180 2957 272 3021 mum
296 2937 390 3012 cadit,
415 2942 446 2998 et
468 2937 638 3017 respiciens
659 2955 692 2999 se
711 2936 817 3014 gladio
840 2935 1008 2998 defendere
1024 2943 1164 3000 conatur.
1194 2938 1253 3000 Oui
1269 2939 1352 3001 duae

180 3047 357 3106 Amazones
380 3042 421 3104 ad
444 3043 605 3106 sinistram
629 3061 736 3104 versae
756 3062 851 3122 opem
870 3042 991 3115 ferunt3
1015 3063 1080 3104 una
1103 3063 1212 3106 earum
1233 3064 1351 3106 nomen

183 3147 298 3211 LEON
310 3142 446 3226 habeti.
487 3149 637 3227 Sequitur
652 3148 800 3209 Herculis
817 3148 927 3226 figura.
967 3150 1142 3212 Amazones
1159 3150 1198 3212 de
1213 3170 1351 3229 quarum

181 3259 343 3316 armatura
376 3255 458 3316 nihil
492 3255 570 3328 dixi,
605 3254 802 3334 hoplitarum
835 3254 871 3314 in
898 3253 1033 3315 modurn
1059 3255 1232 3317 instructae
1260 3261 1349 3329 sunt;

180 3361 352 3423 nonnullae
368 3361 495 3422 collaria
510 3364 632 3441 gerunt.
672 3360 754 3420 Mira
777 3364 824 3422 est
846 3360 880 3420 in
903 3365 972 3423 tam
992 3361 1123 3440 antiquo
1140 3381 1213 3424 vase
1227 3362 1351 3425 litterae

180 3486 202 3526 σ
220 3467 325 3528 forma
346 3461 378 3526 Σ
382 3461 414 3544 ⁴).

252 3607 272 3671 ¹)
290 3602 370 3672 Apud
389 3602 509 3658 Dumont
527 3605 554 3657 et
572 3601 713 3672 Ghaplain
733 3602 749 3656 l.
769 3601 786 3656 l.

251 3695 272 3759 2)
291 3691 333 3746 lta
350 3690 484 3746 Pottierus
490 3712 497 3758 3
517 3707 568 3761 ego
589 3690 711 3751 Μεδασας
726 3690 826 3745 vidisse
845 3690 944 3746 videor.

246 3781 272 3844 ³)
291 3777 395 3834 Nomen
414 3779 448 3833 ad
462 3781 625 3833 Amazonem
643 3779 812 3835 referendum
831 3779 945 3846 videtur;
968 3796 1031 3833 nam
1050 3779 1097 3832 viri
1117 3779 1202 3848 figura
1219 3780 1272 3834 hoe
1290 3779 1350 3836 loeo

180 3866 222 3920 vix
241 3866 351 3936 intelligi
371 3868 469 3937 potest.
507 3866 580 3920 Λεών
598 3884 648 3937 pro
666 3869 752 3921 λέαινα
775 3868 803 3922 in
822 3867 900 3923 Hom.
919 3866 949 3921 Il.
970 3866 993 3921 P
1010 3868 1068 3935 133,
1093 3866 1114 3920 Φ
1132 3868 1184 3922 483
1207 3868 1350 3938 reperitur3

180 3957 208 4009 et
225 3953 312 4009 forma
329 3954 477 4011 masculina
494 3955 637 4010 Amazonis
656 3955 739 4011 indoli
757 3958 822 4025 apta
840 3960 889 4010 ost.

251 4043 272 4110 ⁴)
291 4041 331 4097 uf.
350 4042 473 4114 hydriam
502 4043 575 4112 apud
597 4042 779 4115 Heydemann‚
808 4042 979 4099 Griechisoho
997 4043 1180 4111 Vasenbilder,
1207 4060 1233 4113 p.
1253 4045 1297 4111 14,
1324 4048 1352 4100 et

179 4130 297 4206 lapidem
309 4130 423 4189 Athenis
440 4134 590 4206 repertum,
609 4131 696 4207 Ἐφημ.
716 4135 784 4204 app,
804 4132 882 4200 1886,
900 4148 927 4203 p.
941 4133 984 4200 81,
1003 4146 1047 4187 no.
1060 4131 1122 4186 5--et
1139 4131 1196 4187 tab.
1212 4132 1255 4200 Vl,
1267 4148 1311 4188 no.
1325 4135 1351 4191 5.
