2910 4650
615 301 836 362 1.93*

229 497 489 577 Northamptoni:
502 492 522 575 ¹)
571 496 803 574 l'urtwaenglcr
857 496 974 572 figuras
1024 497 1200 557 Amazones
1247 515 1312 560 non

141 625 207 668 esse
229 605 316 666 dicit.

228 713 456 789 Fragmentum
480 710 556 771 olim
580 703 777 789 Luynesiib:
803 709 903 786 figura
926 709 977 770 cui
1000 729 1119 769 nomen
1134 709 1249 771 Lexias
1265 714 1313 771 est

141 818 207 880 sine
230 817 328 879 dnbio
351 817 399 878 vir
422 822 477 878 est.

228 925 302 987 Jam
325 923 458 1003 picturis
486 922 617 996 collatis,
653 922 841 1001 priusquam
876 921 917 982 ad
952 925 1102 998 quartum
1126 941 1311 982 monumen·

139 1036 244 1092 torum
267 1049 366 1109 genus
389 1029 565 1101 veniamus,
594 1048 696 1107 pauca
719 1029 758 1089 (1θ
793 1048 902 1089 earum
926 1027 1154 1106 compositione
1178 1026 1312 1088 dicenda

140 1142 222 1199 sunt.
271 1138 316 1197 Ac
339 1135 481 1215 primum
505 1135 623 1195 mirum
659 1153 756 1213 quarn
790 1154 921 1214 parvam
944 1132 1137 1196 inventionis
1159 1133 1226 1194 vim
1249 1133 1311 1212 pic·

140 1248 221 1304 tores
243 1241 404 1303 exhibent.
452 1241 561 1318 Neque
596 1241 682 1302 enirn
716 1241 806 1302 aliud
839 1241 874 1302 in
908 1240 1058 1302 omnibus
1092 1241 1157 1299 fere
1180 1239 1312 1318 picturis

139 1349 290 1422 fecerunt,
326 1367 424 1426 quam
458 1351 495 1407 ut
517 1348 646 1422 formas,
682 1348 798 1426 quibus
821 1347 856 1407 in
878 1346 953 1408 viris
976 1345 1202 1426 pugnantibus,
1228 1346 1312 1424 eqni·

139 1454 291 1527 tontibus,
327 1457 359 1514 et
393 1473 422 1531 q.
459 1472 483 1514 s.
507 1474 531 1514 r.
557 1457 659 1514 ratam
694 1459 725 1515 et
748 1457 947 1516 constantem
982 1451 1245 1514 consuetudinem
1269 1471 1312 1514 se·

140 1565 271 1638 quentes
295 1558 475 1632 utebantur,
501 1559 574 1620 albo
597 1560 760 1639 pigmento
789 1559 943 1632 adhibito,
979 1558 1021 1618 ad
1052 1560 1227 1619 Amazones
1262 1558 1312 1619 de·

141 1665 316 1746 pingendas
339 1666 554 1727 transferrent.
602 1666 642 1725 ln
665 1665 849 1727 universum
872 1665 968 1742 igitur·
992 1666 1168 1729 Amazones
1190 1664 1224 1725 in
1247 1685 1312 1724 om·

139 1772 233 1833 nibus
257 1772 398 1851 picturis,
424 1771 458 1831 in
482 1771 599 1849 quibus
623 1771 741 1832 milites
764 1791 831 1832 esse
854 1775 1008 1849 poterant,
1045 1790 1102 1848 pro
1136 1770 1212 1832 viris
1235 1771 1312 1849 poni

120 1875 319 1957 potuerunt,
348 1881 385 1937 ut
412 1877 477 1937 iam
500 1878 685 1939 Petersenus
709 1876 748 1938 de
772 1877 934 1939 nonnullis
957 1876 1089 1956 picturis
1112 1877 1310 1956 perspexit).

142 1985 183 2045 Et
205 1985 240 2044 in
263 1984 346 2045 vasis
370 2002 451 2061 quae
468 1983 615 2045 Herculis
631 1989 662 2045 et
687 1986 886 2045 Amazonum
909 2003 1051 2063 pugnam
1074 1983 1227 2062 praebent
1249 1983 1311 2062 pic-

139 2095 226 2151 turae
250 2091 385 2151 aliarum
409 2089 601 2168 proeliorum
625 2090 822 2169 picturarum
846 2090 1028 2152 simillimae
1056 2096 1140 2152 sunt.
1187 2091 1226 2150 ln
1250 2093 1311 2150 An-

140 2197 244 2276 tiopae
268 2201 376 2257 autem
400 2201 493 2275 raptu
518 2196 718 2276 depingendo
741 2197 847 2258 nescio
882 2216 923 2256 an
958 2197 1094 2258 artifices
1117 2196 1213 2276 paulo
1236 2195 1311 2257 libe-

138 2303 203 2364 rius
225 2303 412 2365 invenerint.

227 2409 320 2480 Quod
358 2410 400 2470 ad
437 2413 558 2470 vestem
597 2411 796 2470 Amazonum
835 2404 996 2485 adtinet4),
1040 2408 1220 2470 notandum
1254 2388 1310 2484 est,

138 2517 284 2594 quamvis
308 2517 440 2577 fortasse
463 2516 553 2576 nulla
587 2515 708 2576 ratione
732 2515 882 2594 explicari
905 2515 1014 2594 possit,
1050 2515 1084 2575 in
1118 2515 1201 2576 vasis
1236 2517 1312 2580 atris

138 2623 245 2700 figuris
269 2621 449 2701 posterioris
483 2623 604 2700 generis
639 2622 757 2683 ornatis
796 2621 933 2682 cassides
968 2641 1076 2681 carum
1100 2623 1164 2682 lere
1188 2643 1313 2702 semper

138 2729 210 2790 altis
233 2729 335 2790 cristis
358 2733 485 2789 ornatas
509 2749 589 2800 esse;
621 2728 655 2788 in
678 2727 901 2806 antiquissimo
936 2733 1044 2789 autem
1079 2749 1190 2806 genere
1225 2729 1312 2790 haud

138 2855 206 2896 raro
241 2836 353 2896 cristae
388 2835 575 2896 humiliores
605 2839 688 2896 sunt.
737 2834 920 2913 Scythicam
956 2854 1027 2895 vero
1061 2840 1183 2897 vestem
1217 2839 1311 2897 Ama·

138 2941 269 3003 zonibus
285 2941 420 3020 pictores
436 2946 601 3021 propterea
618 2941 842 3015 adhibuerunt,
868 2941 954 3019 quod
972 2943 1146 3004 Amazones
1171 2943 1312 3021 regiones

137 3048 293 3121 Ponticas,
329 3048 363 3108 in
392 3048 508 3127 quibus
537 3048 683 3110 homines
708 3047 752 3109 sic
776 3067 809 3109 se
832 3048 1019 3123 vestiebant,
1056 3049 1232 3111 secundum
1268 3051 1311 3111 la-

138 3154 228 3215 bulas
262 3154 452 3216 incolebant.
500 3155 593 3226 Quod
627 3155 816 3235 plerumque
850 3155 988 3217 creditur
1015 3156 1098 3215 hanc
1121 3162 1241 3219 vestem
1269 3158 1310 3218 ab

136 3261 360 3339 antiquissima
383 3264 559 3324 Amazones
583 3261 734 3342 pingendi
757 3262 879 3323 ratione
902 3263 1077 3336 abhorrere,
1114 3262 1148 3323 id
1185 3264 1220 3323 in
1242 3265 1310 3324 uni·

136 3388 263 3430 versum
286 3389 397 3429 verum
421 3373 484 3441 est3
521 3368 577 3430 sed
612 3369 755 3447 exceptio
790 3372 838 3430 cst
860 3388 915 3430 vas
950 3367 1166 3446 antiquissimi
1188 3370 1310 3447 generis

137 3475 318 3554 Campanae
345 3473 427 3537 1071
452 3474 504 3552 (cf.
530 3494 634 3554 supra,
651 3495 682 3553 p.
708 3474 749 3552 6).
786 3475 882 3535 Recte
906 3474 1002 3534 etiam
1026 3475 1186 3554 perspexit
1209 3476 1309 3537 Peter·

207 3687 228 3753 ¹)
247 3685 327 3738 Arclr.
347 3682 422 3750 Zeit,
444 3685 519 3748 1848,
538 3701 565 3752 p.
585 3684 647 3750 342,
667 3699 709 3737 nn.
732 3685 777 3750 11;
798 3682 875 3749 1881,
895 3699 921 3751 p.
935 3684 1002 3746 3023
1023 3682 1109 3750 Klein,
1128 3683 1144 3740 l.
1165 3686 1192 3751 l.,
1211 3686 1309 3754 pars.

208 3777 228 3840 ²)
247 3775 316 3828 Anu.
336 3771 398 3827 dell'
417 3772 492 3839 lost,
512 3773 590 3839 1833,
608 3772 661 3828 tab.
675 3772 697 3825 A
713 3775 740 3826 et
758 3788 785 3841 p.
798 3771 851 3825 249
864 3785 919 3840 sq.;
931 3770 1068 3840 Stephani,
1082 3771 1194 3842 Compte
1206 3773 1309 3842 Rendu,

139 3863 215 3928 1866,
235 3878 261 3930 p.
281 3862 340 3916 173.

104 3990 106 3994 ,
206 3954 228 4015 ³)
247 3951 317 4004 Anu.
336 3949 399 4003 dell’
418 3948 493 4016 lust,
514 3947 591 4016 1884,
611 3966 657 4020 pp.
677 3951 738 4017 278,
758 3950 819 4005 283.

205 4042 228 4106 ⁴)
247 4037 287 4093 cf.
307 4040 376 4093 Anu.
396 4037 459 4108 dell’
479 4038 551 4102 lust,
576 4039 697 4107 lastp.
717 4038 769 4093 272
788 4053 861 4108 sqq.;
880 4036 983 4091 Mitteil.
1003 4036 1027 4090 d.
1039 4037 1112 4092 arch.
1132 4038 1206 4107 lust,
1226 4057 1308 4096 roem.

135 4126 208 4192 Abt.‚
228 4126 306 4191 1887,
326 4141 352 4195 p.
374 4126 433 4180 189.
