2910 4650
648 294 870 358 „12-

174 495 266 562 sunt:
283 490 401 567 quibus
416 491 572 552 accedunt
586 491 741 552 nonnulla
756 490 860 552 rubris
873 491 980 568 figuris
993 490 1101 563 severi,
1119 490 1205 568 quod
1218 490 1345 566 dicitur,

174 595 296 674 generis
320 595 475 658 decorata.
522 597 562 657 In
577 596 628 658 his
644 596 786 676 picturis,
803 600 840 657 ut
859 595 893 656 in
910 596 1151 675 antiquissimis,
1168 598 1346 658 Amazones

173 700 370 781 hoplitarum
392 708 554 764 armatura
576 703 764 782 plerumque
787 703 913 762 munita
936 707 1018 776 sunt,
1045 721 1239 780 quamquam
1256 702 1346 762 haud

173 826 256 881 raro,
285 807 378 869 utin
402 809 534 888 picturis
558 828 655 888 supra
689 807 864 887 descriptis,
900 808 1055 868 nonnulla
1088 827 1170 885 quae
1207 807 1346 869 adeam

173 913 343 992 pertinent,
368 914 402 975 in
424 915 537 994 primis
561 915 685 988 thorax,
710 914 911 974 omittuntur.
958 915 1121 975 Praeterea
1140 914 1346 993 chlamydem

174 1039 316 1098 parvam,
340 1024 378 1081 ut
400 1020 477 1081 alibi
499 1020 650 1100 hoplitae,
675 1038 767 1099 saepe
790 1025 912 1096 gerunt.
959 1020 1062 1082 Caesis
1079 1039 1188 1082 earum
1210 1020 1245 1080 in
1260 1020 1345 1082 vasis

173 1124 271 1203 nigris
294 1126 403 1203 figtnis
426 1127 544 1188 ornatis
568 1127 632 1187 fere
656 1144 781 1205 semper
795 1127 859 1187 alta
877 1125 972 1186 crista
987 1125 1134 1186 decorata
1148 1131 1209 1197 est;
1236 1130 1347 1188 contra

172 1229 209 1291 in-
230 1231 313 1293 vasis
336 1232 413 1294 rufis
437 1232 545 1310 figuris
568 1231 687 1293 ornatis
711 1231 803 1292 crista
819 1232 1007 1310 plerumque
1023 1230 1175 1292 humilior
1190 1236 1246 1293 est.
1280 1232 1346 1293 Sed

173 1341 296 1415 praeter
319 1337 434 1415 figuras
458 1357 494 1397 eo
517 1337 614 1402 modo
637 1341 775 1399 armatas
809 1356 903 1416 saepe
935 1337 1136 1416 reperiuntur
1167 1325 1345 1400 Amazones
1425 1364 1428 1369 ·

172 1441 321 1504 habitum
345 1442 531 1521 Scythicum
555 1443 620 1505 sive
644 1448 745 1505 totam
769 1443 835 1504 sive
857 1441 975 1521 partim
990 1441 1131 1504 indutae.
1179 1444 1294 1504 Nostra
1308 1443 1345 1504 in

173 1548 410 1610 enumeratione
428 1549 510 1611 >satis
534 1551 593 1612 erit
616 1549 780 1629 Scythicas
805 1552 907 1610 vestes
931 1553 962 1609 et
985 1549 1047 1609 alia
1061 1548 1188 1611 insolita
1212 1569 1293 1627 quae
1308 1551 1344 1610 in

174 1654 308 1732 picturis
331 1657 507 1717 Amazones
530 1660 652 1734 gerunt,
676 1656 765 1718 velut
787 1655 893 1734 pelles,
919 1641 1194 1733 conmemorare‘).

200 1765 203 1768 ⁴
235 1764 237 1767 ’
263 1760 356 1832 Quod
380 1761 421 1821 ad
437 1762 610 1839 figurarum
626 1760 890 1840 compositionem
906 1758 1037 1834 adtinet,
1061 1761 1095 1820 in
1111 1761 1344 1838 antiquissimis

172 1866 255 1953 uasis
270 1865 369 1927 latera
384 1868 477 1928 lineis
492 1868 537 1929 ita
553 1867 656 1929 divisa
671 1866 821 1940 vidimus,
844 1870 881 1926 ut
896 1865 998 1944 spatia
1014 1866 1099 1926 facta
1114 1867 1187 1941 sint,
1204 1886 1343 1944 quorum

171 1957 336 2047 longitudo
359 1973 462 2034 multo
485 1973 586 2035 maior·
609 1973 651 2034 sit
673 1992 771 2050 quam
794 1971 944 2043 latitudo;
981 1976 1090 2032 contra
1116 1972 1151 2032 in
1180 1973 1344 2052 amphoris

172 2079 208 2135 et
225 2075 360 2155 leeythis
383 2079 564 2157 posterioris
587 2079 699 2140 aetatis
722 2079 864 2157 picturae
892 2077 1031 2156 spatium
1060 2082 1227 2158 occupant,
1252 2079 1343 2140 cuius

170 2181 337 2261 longitudo
360 2183 529 2244 latitudine
552 2184 602 2244 vel
626 2204 690 2245 non
707 2186 816 2245 multo
839 2183 941 2243 maior
962 2182 1013 2244 vel
1037 2183 1133 2244 etiam
1156 2184 1261 2244 minor
1284 2188 1342 2258 est,

170 2286 205 2348 in
228 2307 292 2366 quo
315 2288 418 2367 spatio
442 2290 561 2351 multae
578 2291 696 2368 figurae
712 2290 841 2369 depingi
863 2309 928 2349 non
943 2292 1124 2368 potuerunt.
1172 2289 1284 2366 ltaque
1308 2289 1344 2350 in

171 2393 282 2454 multis
305 2394 437 2472 picturis
460 2397 614 2458 Hercules
638 2395 706 2457 sine
741 2395 833 2457 sociis
867 2399 977 2456 contra
998 2397 1175 2457 Amazones
1209 2399 1340 2473 pugnat.

171 2499 233 2561 Sed
256 2499 367 2562 multis
391 2500 425 2561 in
447 2501 532 2562 vasis
555 2521 628 2561 cum
664 2501 746 2563 duae
781 2502 898 2579 figurae
932 2501 1080 2562 Herculis
1116 2503 1147 2561 et
1170 2500 1342 2562 Amazonis

171 2606 310 2685 spatium
339 2626 404 2667 non
430 2606 646 2686 inplevissent,
682 2607 762 2668 aliae
796 2608 913 2685 figurae
946 2606 1135 2686 plerumque
1164 2607 1341 2667 secundum

170 2711 307 2774 rationes
343 2711 378 2774 in
415 2712 557 2774 virorum
595 2715 710 2792 pugnis
753 2712 961 2792 depingendis
1001 2713 1136 2774 usitatas
1177 2712 1341 2792 adpositae

171 2811 284 2909 sunt2).

258 2924 319 2985 His
336 2925 432 3002 igitur
447 2925 639 3002 praemissis,
657 2925 697 2986 ad
713 2945 788 2987 vasa
804 2924 879 2986 atris
896 2924 1005 3002 figuris
1021 2925 1203 3004 posterioris
1218 2924 1341 3002 generis

170 3028 315 3090 decorata
337 3029 492 3090 venimus.
540 3030 628 3102 Quae
650 3031 685 3091 in
717 3031 835 3092 multas
858 3031 972 3093 classes
1007 3029 1227 3091 distribuenda
1254 3034 1339 3091 sunt.

246 3135 284 3195 -Ι,
301 3119 425 3195 Primae
438 3136 547 3197 classis
559 3140 635 3198 sunt
649 3136 791 3216 picturae
807 3156 888 3214 quae
900 3137 1072 3197 Herculem
1088 3141 1121 3197 et
1134 3156 1234 3197 unam
1246 3137 1340 3196 Ama·

169 3260 280 3301 zonem
308 3240 469 3302 exhibent.
515 3242 559 3303 Ut
592 3242 627 3321 in
661 3242 745 3304 vasis
780 3261 876 3322 supra
903 3242 1156 3315 conmemoratis,
1186 3241 1340 3304 Hercules

169 3346 278 3411 tunica
301 3351 333 3408 et
355 3347 455 3408 leonis
478 3348 561 3427 pelle
582 3348 717 3411 vestitus
740 3352 772 3409 et
794 3347 836 3408 ad
859 3347 1004 3408 dextram
1025 3346 1219 3409 contendens
1234 3347 1340 3426 gladio

60 3523 64 3528 .
169 3456 233 3526 aut,
269 3452 304 3513 id
338 3452 424 3530 quod
458 3453 640 3532 posterioris
668 3454 780 3516 aetatis
803 3459 879 3516 nota
901 3458 958 3528 est,
987 3448 1115 3532 clava⁸)‚
1150 3473 1220 3514 raro
1247 3454 1340 3514 hasta

79 3602 83 3609 .
168 3559 363 3619 Amazonem
400 3559 625 3620 interfecturus
660 3563 717 3634 est,
756 3579 855 3637 quam
889 3580 982 3639 saepe
1017 3560 1207 3638 prehensam
1241 3563 1337 3620 tenet.

243 3748 263 3816 ¹)
283 3747 311 3803 Si
329 3747 394 3803 nihil
418 3748 452 3802 de
476 3752 611 3803 armatura
628 3751 756 3820 vesteque
779 3748 841 3814 dixi,
870 3747 974 3804 Graeca
1001 3751 1050 3816 est,
1078 3747 1199 3819 quamvis
1227 3747 1339 3817 singulis

167 3836 255 3903 rebus,
274 3836 347 3890 velut
363 3837 482 3904 thorace,
501 3853 583 3906 saepe
601 3836 716 3892 omissis.

240 3926 261 3989 ²)
279 3922 321 3977 De
339 3924 378 3978 eis
404 3924 553 3979 rationibus
577 3916 723 3994 disputavit
750 3924 779 3978 P.
798 3923 822 3978 J.
843 3923 926 3978 Meier
954 3923 981 3976 in
1000 3921 1067 3978 llus.
1087 3923 1181 3990 Rhen,
1209 3922 1338 3991 XXXVII,

167 4028 194 4080 p·
214 4011 267 4168 311
283 4025 412 4154 (sliqAnn.
427 4099 489 4153 dell’
502 4099 576 4166 11111,
592 4101 667 4167 1884,
686 4116 713 4168 p.
724 4099 784 4154 270.
813 4097 954 4155 Sublatam
973 4097 1091 4169 gladium
1102 4098 1246 4154 Herculem
1258 4096 1338 4152 etiam
