2910 4650
687 318 898 382 ..44-

202 514 295 593 gitur,
320 520 391 576 stat.
437 516 538 596 Prope
572 537 670 596 equos
707 517 827 579 incedit
849 516 949 589 miles,
986 515 1038 576 cui
1067 517 1235 595 Neptunus
1256 518 1376 596 (inscr.)

203 638 278 681 cum
300 619 437 682 tridente
459 622 586 684 obviam
608 623 710 696 venit3
745 624 773 685 is
801 623 887 684 enim
910 621 1023 683 Thesei
1046 621 1104 682 filii
1128 622 1253 702 incepto
1277 623 1372 684 iavet.

291 725 416 803 Hydria
437 726 515 787 olim
538 728 691 809 principis
714 721 884 806 Oanino¹):
910 727 1033 806 pictura
1055 727 1089 787 in
1113 727 1271 807 superiore
1287 732 1377 807 parte

203 832 259 891 est.
306 830 446 893 Theseus
479 832 597 911 (inser.)
631 839 663 895 et
703 834 843 914 Antiopa
876 833 994 910 (inser.)
1028 832 1125 893 simul
1158 851 1231 893 curn
1267 833 1378 910 auriga

203 953 297 996 curru
320 936 473 999 feruntur.
524 939 580 1012 Ea,
611 939 714 1019 capite
736 939 849 1012 velate,
886 938 966 999 duos
989 937 1116 1011 milites,
1141 938 1203 999 nisi
1226 938 1317 1012 forte,
1343 938 1377 999 id

204 1040 290 1119 quod
305 1041 387 1102 mihi
408 1043 475 1104 veri
494 1044 598 1105 simile
618 1044 753 1120 videtur,
778 1046 954 1106 Amazones
978 1047 1061 1117 sunt,
1098 1043 1153 1121 qui
1187 1043 1376 1105 festinantes

203 1145 385 1221 adcurrunt,
414 1149 583 1228 implorare
605 1150 740 1212 videtur.

292 1253 458 1315 Accedunt
492 1255 556 1317 duo
583 1275 659 1317 vasa
681 1256 785 1317 rubris
808 1255 918 1333 figuris
952 1254 1067 1316 serveri
1101 1254 1223 1332 generis
1246 1259 1374 1316 ornata:

292 1359 456 1438 Amphora
471 1360 615 1421 Durandi
630 1360 704 1434 421,
730 1379 815 1421 nunc
838 1360 874 1421 in
896 1379 1006 1422 museo
1022 1359 1163 1421 Parisino
1172 1353 1209 1437 ²)'t
1234 1360 1377 1422 Theseus

202 1462 320 1540 (inser.)
353 1463 506 1527 imberbis
534 1465 576 1526 ad
598 1465 759 1528 sinistram
782 1465 984 1546 progrediens
1019 1472 1051 1527 et
1072 1465 1243 1545 respiciens
1266 1466 1376 1527 Antio·

203 1588 280 1646 pam
304 1568 422 1648 (inscr.)
444 1570 593 1633 manibus
616 1572 784 1651 amplexus
800 1572 875 1643 fert;
900 1590 937 1631 ea
958 1570 1070 1644 bracis,
1095 1573 1181 1632 veste
1204 1571 1374 1645 manicata,

204 1674 300 1734 mitra
322 1674 466 1754 Phrygia,
501 1696 585 1751 arcu,
609 1678 766 1757 pharetra,
802 1676 904 1739 securi
927 1676 1061 1749 munita,
1097 1676 1138 1737 ad
1162 1675 1309 1738 dextram
1331 1697 1375 1738 re-

203 1778 306 1857 spicit,
351 1800 547 1860 manumque
591 1783 736 1844 dextram
776 1782 867 1860 quasi
908 1780 1083 1861 implorans
1121 1781 1273 1842 extendit.
1336 1783 1377 1843 In

204 1884 316 1946 dextra
338 1886 479 1965 picturae
502 1892 591 1967 parte
613 1888 773 1950 Pirithous
796 1886 913 1964 (inser.)
941 1886 1038 1948 armis
1064 1886 1238 1948 instructus
1272 1886 1313 1948 ad
1337 1887 1375 1949 si·

204 1989 339 2051 nistram
372 1992 579 2071 progreditur,
625 1994 766 2073 itemque
804 1992 896 2070 quasi
935 1992 976 2053 ad
1009 1992 1211 2070 insequentes
1244 1978 1375 2071 virginis

203 2095 322 2158 amicas
344 2097 480 2177 respicit.

291 2201 402 2263 Patere
424 2203 559 2264 Londin.
584 2205 611 2264 ll
637 2201 677 2265 14
700 2202 789 2282 (827)
811 2224 831 2265 a
849 2202 1056 2281 CachryHone
1079 2197 1208 2280 iactat:
1234 2203 1375 2266 Theseus

204 2306 323 2384 (inser.)
345 2307 497 2370 imberbis
520 2309 554 2369 in
578 2328 706 2371 currum
729 2309 771 2370 ad
794 2310 956 2371 sinistram
979 2327 1108 2369 versum
1131 2307 1247 2388 pedem
1270 2309 1372 2388 ponit,

203 2411 271 2473 lora
298 2417 330 2473 et
352 2413 521 2474 stimulum
545 2414 665 2488 dextra,
701 2415 781 2476 duas
815 2415 922 2476 hastas
957 2413 1085 2476 sinistra
1118 2432 1217 2474 manu
1252 2419 1374 2477 tenens.

203 2517 355 2578 Bracchio
379 2518 505 2580 sinistro
528 2520 702 2599 Antiopam
724 2519 842 2599 (inscr.)
865 2518 1033 2599 amplexus
1055 2518 1161 2593 habet,
1186 2539 1267 2598 quae
1288 2525 1375 2582 veste

204 2621 361 2701 Scythica,
397 2624 500 2698 mitra,
525 2624 700 2700 inauribus,
724 2626 872 2704 pharetra
894 2623 1038 2704 praedita
1072 2624 1114 2685 ad
1148 2623 1296 2686 dextram
1329 2646 1374 2687 re-

203 2727 305 2807 spicit,
330 2732 362 2789 et
384 2729 545 2792 sinistram
568 2750 712 2804 manum,
747 2749 828 2809 quae
856 2748 965 2790 arcum
989 2733 1084 2802 tenet,
1120 2730 1273 2792 extendit.
1322 2731 1373 2792 Se·

204 2838 345 2911 quuntur
367 2834 526 2897 Pirithous
546 2835 672 2913 (inser),
687 2836 743 2914 qui
755 2835 796 2897 ad
819 2836 980 2898 sinistram
1003 2834 1205 2914 progrediens
1229 2835 1375 2898 dextram

203 2937 245 2998 ad
279 2938 452 3018 Antiopam
487 2939 639 3014 extendit,
675 2945 707 3002 et
733 2940 874 3002 Phorbas
896 2940 1023 3019 (inscr.),
1065 2940 1121 3019 qui
1155 2940 1197 3002 ad
1229 2940 1374 3003 dextram

203 3043 339 3122 respicit.

276 3233 296 3298 ¹)
314 3230 409 3287 Notice
428 3232 507 3287 d'une
526 3232 666 3288 collection
686 3234 720 3289 de
739 3249 818 3288 vaces
836 3233 926 3304 points
944 3233 1009 3288 tires
1037 3233 1085 3289 des
1114 3232 1219 3288 souilles
1239 3232 1320 3290 faites
1339 3252 1373 3291 en

204 3318 316 3386 Etruria,
334 3319 403 3387 Par,
422 3320 501 3387 1845,
520 3337 562 3375 no.
583 3321 630 3384 16,
650 3320 789 3391 Stephani,
809 3321 826 3376 l.
846 3321 872 3388 l,
891 3338 919 3392 p.
939 3321 999 3389 167,
1018 3339 1043 3376 n.
1064 3322 1089 3376 2.

274 3411 295 3474 ²)
314 3407 385 3462 Mon.
396 3406 458 3462 dell'
470 3409 544 3475 lust,
563 3408 584 3476 I,
611 3408 667 3463 tab.
677 3409 728 3475 55;
747 3409 815 3463 Anu.
829 3408 890 3464 dell’
904 3408 978 3477 lust,
999 3409 1077 3476 1833,
1095 3425 1122 3479 p.
1133 3409 1200 3476 249,
1218 3409 1373 3479 Inghirami,

203 3494 303 3549 Pitture
322 3495 348 3549 di
366 3495 425 3550 rasi
444 3495 522 3563 fittili,
545 3496 589 3563 IV,
621 3497 676 3551 tab.
696 3497 762 3564 3203
790 3496 920 3563 Gerhard,
947 3496 1087 3567 Rapporto
1105 3497 1242 3565 Volcente,
1265 3514 1293 3568 p.
1314 3500 1375 3566 152,

203 3598 246 3636 no.
265 3584 331 3650 3863
358 3583 494 3653 Millingen
513 3584 540 3639 in
558 3583 750 3639 Transactions
774 3582 806 3639 of
825 3583 872 3639 the
891 3584 977 3655 Royal
996 3583 1104 3656 Society
1122 3583 1153 3639 of
1168 3585 1215 3640 the
1232 3584 1376 3656 Kingdom,

203 3670 237 3737 ll,
255 3669 357 3740 Suppl,
377 3687 403 3740 p.
423 3672 471 3739 283
491 3669 630 3743 Stephani,
649 3671 668 3726 l.
687 3672 713 3740 l.,
732 3688 760 3742 p.
780 3672 839 3728 169.

274 3758 297 3826 ⁸)
317 3757 386 3812 Olim
405 3758 534 3829 principis
553 3758 656 3814 (lanino
674 3761 739 3826 5603
767 3758 808 3813 De
827 3758 913 3828 Witte,
932 3759 1105 3831 Description
1129 3759 1208 3815 d'une
1233 3759 1376 3817 collection

204 3845 237 3899 de
256 3860 333 3898 vases
352 3845 440 3913 points
463 3848 490 3900 et
513 3846 627 3900 bronzes
646 3847 770 3918 antiques
793 3850 942 3915 provehant
970 3848 1018 3903 des
1046 3847 1154 3903 fouilles
1181 3848 1215 3903 ds
1239 3848 1375 3917 l'lltrurie,

202 3932 271 3998 Par,
291 3931 369 3999 1837,
393 3948 436 3986 no.
456 3933 522 4000 115;
541 3932 672 4001 Gerhard,
693 3934 832 4004 Rapporto
851 3933 988 4002 Volcente,
1007 3953 1034 4007 p.
1055 3936 1114 4001 152,
1134 3951 1177 3990 no.
1196 3936 1264 4002 3863
1291 3937 1373 3993 Arch.

203 4019 341 4089 Anzeiger,
360 4020 438 4086 1852,
456 4036 482 4089 p.
503 4020 567 4087 1823
595 4021 732 4092 Stephani,
755 4021 773 4077 l.
793 4020 821 4090 l,
840 4038 866 4092 p.
886 4022 952 4089 1693
980 4021 1068 4090 Klein,
1092 4021 1199 4080 Griech.
1218 4022 1308 4080 Vasen
1327 4025 1376 4079 mit

202 4107 472 4180 Meistersignaturcn,
491 4124 517 4180 p.
538 4109 597 4178 127,
616 4125 659 4165 no.
678 4110 708 4175 8;
728 4108 832 4164 Wiener
853 4108 1081 4179 Vorlegeblntter,
1098 4109 1133 4178 D,
1150 4109 1176 4164 7.
