<?xml version="1.0" encoding="UTF-8"?>
<!DOCTYPE html PUBLIC "-//W3C//DTD XHTML 1.0 Transitional//EN"
    "http://www.w3.org/TR/xhtml1/DTD/xhtml1-transitional.dtd">
<html xmlns="http://www.w3.org/1999/xhtml" xml:lang="en" lang="en">
 <head>
  <title>
</title>
<meta http-equiv="Content-Type" content="text/html;charset=utf-8" />
  <meta name='ocr-system' content='tesseract 3.04.00' />
  <meta name='ocr-capabilities' content='ocr_page ocr_carea ocr_par ocr_line ocrx_word'/>
</head>
<body>
  <div class='ocr_page' id='page_1' title='image "./deamazonumantiq00coregoog_0036.png"; bbox 0 0 2910 4650; ppageno 0'>
   <div class='ocr_carea' id='block_1_1' title="bbox 619 326 831 389">
    <p class='ocr_par' dir='ltr' id='par_1_1' title="bbox 619 326 831 389">
     <span class='ocr_line' id='line_1_1' title="bbox 619 326 831 389; baseline 0.005 -17"><span class='ocrx_word' id='word_1_1' title='bbox 619 326 831 389; x_wconf 74' lang='lat'><strong>-27-</strong></span> 
     </span>
    </p>
   </div>
   <div class='ocr_carea' id='block_1_2' title="bbox 100 520 1384 1448">
    <p class='ocr_par' dir='ltr' id='par_1_2' title="bbox 100 520 1309 918">
     <span class='ocr_line' id='line_1_2' title="bbox 138 520 1307 601; baseline 0.001 -18"><span class='ocrx_word' id='word_1_2' title='bbox 138 523 221 583; x_wconf 90' lang='lat' dir='ltr'><strong>vasis</strong></span> <span class='ocrx_word' id='word_1_3' title='bbox 245 526 333 601; x_wconf 89' lang='lat' dir='ltr'><strong>parte</strong></span> <span class='ocrx_word' id='word_1_4' title='bbox 356 522 477 601; x_wconf 87' lang='lat' dir='ltr'><strong>positae</strong></span> <span class='ocrx_word' id='word_1_5' title='bbox 501 523 648 584; x_wconf 84' lang='lat' dir='ltr'><strong>efficeret.</strong></span> <span class='ocrx_word' id='word_1_6' title='bbox 694 524 769 584; x_wconf 88' lang='lat' dir='ltr'><strong>Post</strong></span> <span class='ocrx_word' id='word_1_7' title='bbox 784 522 957 583; x_wconf 82' lang='lat' dir='ltr'>Herculem</span> <span class='ocrx_word' id='word_1_8' title='bbox 979 520 1072 584; x_wconf 90' lang='lat' dir='ltr'><strong>miles</strong></span> <span class='ocrx_word' id='word_1_9' title='bbox 1088 522 1129 584; x_wconf 86' lang='lat' dir='ltr'><strong>ad</strong></span> <span class='ocrx_word' id='word_1_10' title='bbox 1145 523 1307 586; x_wconf 73' lang='lat' dir='ltr'><strong>sinistram</strong></span> 
     </span>
     <span class='ocr_line' id='line_1_3' title="bbox 138 627 1308 707; baseline 0.003 -19"><span class='ocrx_word' id='word_1_11' title='bbox 138 648 246 690; x_wconf 89' lang='lat' dir='ltr'><strong>versus</strong></span> <span class='ocrx_word' id='word_1_12' title='bbox 269 628 395 689; x_wconf 88' lang='lat' dir='ltr'><strong>hastam</strong></span> <span class='ocrx_word' id='word_1_13' title='bbox 410 627 445 688; x_wconf 92' lang='lat' dir='ltr'><strong>in</strong></span> <span class='ocrx_word' id='word_1_14' title='bbox 460 628 656 689; x_wconf 85' lang='lat' dir='ltr'>Amazonem</span> <span class='ocrx_word' id='word_1_15' title='bbox 672 627 819 702; x_wconf 78' lang='lat' dir='ltr'>intendit,</span> <span class='ocrx_word' id='word_1_16' title='bbox 844 647 926 707; x_wconf 91' lang='lat' dir='ltr'><strong>quae</strong></span> <span class='ocrx_word' id='word_1_17' title='bbox 948 628 990 689; x_wconf 87' lang='lat' dir='ltr'><strong>ad</strong></span> <span class='ocrx_word' id='word_1_18' title='bbox 1006 628 1152 690; x_wconf 82' lang='lat' dir='ltr'><strong>dextram</strong></span> <span class='ocrx_word' id='word_1_19' title='bbox 1167 647 1257 691; x_wconf 87' lang='lat' dir='ltr'><strong>versa</strong></span> <span class='ocrx_word' id='word_1_20' title='bbox 1276 633 1308 692; x_wconf 88' lang='lat' dir='ltr'><strong>et</strong></span> 
     </span>
     <span class='ocr_line' id='line_1_4' title="bbox 137 733 1309 815; baseline 0.002 -20"><span class='ocrx_word' id='word_1_21' title='bbox 137 753 220 812; x_wconf 86' lang='lat' dir='ltr'><strong>genu</strong></span> <span class='ocrx_word' id='word_1_22' title='bbox 243 733 320 794; x_wconf 87' lang='lat' dir='ltr'><strong>nixa</strong></span> <span class='ocrx_word' id='word_1_23' title='bbox 342 734 435 795; x_wconf 91' lang='lat' dir='ltr'><strong>hasta</strong></span> <span class='ocrx_word' id='word_1_24' title='bbox 457 752 490 795; x_wconf 91' lang='lat' dir='ltr'><strong>se</strong></span> <span class='ocrx_word' id='word_1_25' title='bbox 513 733 666 796; x_wconf 80' lang='lat' dir='ltr'><strong>defendit.</strong></span> <span class='ocrx_word' id='word_1_26' title='bbox 712 735 760 795; x_wconf 89' lang='lat' dir='ltr'><strong>De</strong></span> <span class='ocrx_word' id='word_1_27' title='bbox 783 733 881 795; x_wconf 84' lang='lat' dir='ltr'><strong>altera</strong></span> <span class='ocrx_word' id='word_1_28' title='bbox 904 734 1001 797; x_wconf 93' lang='lat' dir='ltr'><strong>huius</strong></span> <span class='ocrx_word' id='word_1_29' title='bbox 1029 739 1157 815; x_wconf 88' lang='lat' dir='ltr'><strong>paterae</strong></span> <span class='ocrx_word' id='word_1_30' title='bbox 1183 735 1309 815; x_wconf 77' lang='lat' dir='ltr'><strong>pictura</strong></span> 
     </span>
     <span class='ocr_line' id='line_1_5' title="bbox 100 837 1283 918; baseline 0.002 -18"><span class='ocrx_word' id='word_1_31' title='bbox 100 898 105 908; x_wconf 85' lang='grc'><strong>,</strong></span> <span class='ocrx_word' id='word_1_32' title='bbox 139 841 179 901; x_wconf 86' lang='lat' dir='ltr'><strong>cf.</strong></span> <span class='ocrx_word' id='word_1_33' title='bbox 203 840 295 914; x_wconf 85' lang='lat' dir='ltr'><strong>infra,</strong></span> <span class='ocrx_word' id='word_1_34' title='bbox 320 860 351 918; x_wconf 92' lang='lat' dir='ltr'><strong>p.</strong></span> <span class='ocrx_word' id='word_1_35' title='bbox 376 837 428 902; x_wconf 88' lang='lat'><strong>63.</strong></span> <span class='ocrx_word' id='word_1_36' title='bbox 1282 905 1283 910; x_wconf 59' lang='grc'>,</span> 
     </span>
    </p>

    <p class='ocr_par' dir='ltr' id='par_1_3' title="bbox 138 945 1384 1448">
     <span class='ocr_line' id='line_1_6' title="bbox 228 945 1310 1025; baseline 0.001 -19"><span class='ocrx_word' id='word_1_37' title='bbox 228 946 400 1020; x_wconf 92' lang='lat' dir='ltr'><strong>Postremo,</strong></span> <span class='ocrx_word' id='word_1_38' title='bbox 437 964 521 1020; x_wconf 84' lang='lat' dir='ltr'><strong>cum,</strong></span> <span class='ocrx_word' id='word_1_39' title='bbox 557 945 629 1007; x_wconf 87' lang='lat' dir='ltr'><strong>albo</strong></span> <span class='ocrx_word' id='word_1_40' title='bbox 652 946 815 1025; x_wconf 84' lang='lat' dir='ltr'><strong>pigmento</strong></span> <span class='ocrx_word' id='word_1_41' title='bbox 843 964 907 1024; x_wconf 92' lang='lat' dir='ltr'><strong>quo</strong></span> <span class='ocrx_word' id='word_1_42' title='bbox 938 945 1039 1008; x_wconf 87' lang='lat' dir='ltr'><strong>tincta</strong></span> <span class='ocrx_word' id='word_1_43' title='bbox 1066 949 1156 1008; x_wconf 88' lang='lat' dir='ltr'><strong>erant</strong></span> <span class='ocrx_word' id='word_1_44' title='bbox 1178 965 1310 1025; x_wconf 89' lang='lat' dir='ltr'><strong>corpora</strong></span> 
     </span>
     <span class='ocr_line' id='line_1_7' title="bbox 139 1051 1384 1132; baseline 0.006 -21"><span class='ocrx_word' id='word_1_45' title='bbox 139 1051 312 1130; x_wconf 86' lang='lat' dir='ltr'><strong>deperdito,</strong></span> <span class='ocrx_word' id='word_1_46' title='bbox 337 1052 538 1117; x_wconf 85' lang='lat' dir='ltr'><strong>Amazonum</strong></span> <span class='ocrx_word' id='word_1_47' title='bbox 572 1052 690 1130; x_wconf 84' lang='lat' dir='ltr'><strong>figurae</strong></span> <span class='ocrx_word' id='word_1_48' title='bbox 724 1051 817 1113; x_wconf 85' lang='lat' dir='ltr'><strong>facile</strong></span> <span class='ocrx_word' id='word_1_49' title='bbox 851 1071 908 1132; x_wconf 94' lang='lat' dir='ltr'><strong>pro</strong></span> <span class='ocrx_word' id='word_1_50' title='bbox 931 1051 1007 1113; x_wconf 88' lang='lat' dir='ltr'><strong>viris</strong></span> <span class='ocrx_word' id='word_1_51' title='bbox 1040 1051 1151 1112; x_wconf 90' lang='lat' dir='ltr'><strong>haberi</strong></span> <span class='ocrx_word' id='word_1_52' title='bbox 1173 1051 1306 1130; x_wconf 78' lang='lat' dir='ltr'><strong>possint,</strong></span> <span class='ocrx_word' id='word_1_53' title='bbox 1382 1113 1384 1118; x_wconf 84' lang='lat'><em>.</em></span> 
     </span>
     <span class='ocr_line' id='line_1_8' title="bbox 138 1155 1312 1236; baseline 0.003 -18"><span class='ocrx_word' id='word_1_54' title='bbox 138 1177 215 1218; x_wconf 87' lang='lat' dir='ltr'><strong>vasa</strong></span> <span class='ocrx_word' id='word_1_55' title='bbox 238 1157 394 1218; x_wconf 89' lang='lat' dir='ltr'><strong>nonnulla</strong></span> <span class='ocrx_word' id='word_1_56' title='bbox 416 1158 613 1219; x_wconf 89' lang='lat' dir='ltr'><strong>nominanda</strong></span> <span class='ocrx_word' id='word_1_57' title='bbox 635 1162 720 1232; x_wconf 87' lang='lat' dir='ltr'><strong>sunt,</strong></span> <span class='ocrx_word' id='word_1_58' title='bbox 745 1176 826 1236; x_wconf 90' lang='lat' dir='ltr'><strong>quae</strong></span> <span class='ocrx_word' id='word_1_59' title='bbox 863 1157 897 1217; x_wconf 92' lang='lat' dir='ltr'><strong>in</strong></span> <span class='ocrx_word' id='word_1_60' title='bbox 925 1155 1015 1218; x_wconf 90' lang='lat' dir='ltr'><strong>libris</strong></span> <span class='ocrx_word' id='word_1_61' title='bbox 1038 1157 1210 1219; x_wconf 84' lang='lat' dir='ltr'>Herculem</span> <span class='ocrx_word' id='word_1_62' title='bbox 1233 1176 1312 1222; x_wconf 86' lang='lat' dir='ltr'><strong>cum</strong></span> 
     </span>
     <span class='ocr_line' id='line_1_9' title="bbox 138 1262 1320 1342; baseline 0 -18"><span class='ocrx_word' id='word_1_63' title='bbox 138 1263 214 1324; x_wconf 86' lang='lat' dir='ltr'><strong>viris</strong></span> <span class='ocrx_word' id='word_1_64' title='bbox 226 1267 423 1342; x_wconf 79' lang='lat' dir='ltr'><strong>pugnantem</strong></span> <span class='ocrx_word' id='word_1_65' title='bbox 439 1263 759 1338; x_wconf 7' lang='lat' dir='ltr'><strong>exhiberevdicuntur,</strong></span> <span class='ocrx_word' id='word_1_66' title='bbox 772 1263 829 1325; x_wconf 90' lang='lat' dir='ltr'><strong>sed</strong></span> <span class='ocrx_word' id='word_1_67' title='bbox 840 1262 946 1324; x_wconf 89' lang='lat' dir='ltr'><strong>nescio</strong></span> <span class='ocrx_word' id='word_1_68' title='bbox 957 1282 998 1324; x_wconf 91' lang='lat' dir='ltr'><strong>an</strong></span> <span class='ocrx_word' id='word_1_69' title='bbox 1010 1282 1043 1324; x_wconf 94' lang='lat' dir='ltr'><strong>re</strong></span> <span class='ocrx_word' id='word_1_70' title='bbox 1054 1264 1320 1325; x_wconf 85' lang='lat' dir='ltr'><strong>veraAmazoues-</strong></span> 
     </span>
     <span class='ocr_line' id='line_1_10' title="bbox 141 1369 323 1448; baseline 0 -19"><span class='ocrx_word' id='word_1_71' title='bbox 141 1369 323 1448; x_wconf 87' lang='lat' dir='ltr'><strong>praebeant.</strong></span> 
     </span>
    </p>
   </div>
   <div class='ocr_carea' id='block_1_3' title="bbox 140 1472 1309 2080">
    <p class='ocr_par' dir='ltr' id='par_1_4' title="bbox 140 1472 1309 1660">
     <span class='ocr_line' id='line_1_11' title="bbox 227 1472 1309 1555; baseline 0.001 -21"><span class='ocrx_word' id='word_1_72' title='bbox 227 1474 423 1554; x_wconf 90' lang='lat' dir='ltr'><strong>Amphorae:</strong></span> <span class='ocrx_word' id='word_1_73' title='bbox 448 1476 601 1555; x_wconf 89' lang='lat' dir='ltr'><strong>principis</strong></span> <span class='ocrx_word' id='word_1_74' title='bbox 625 1473 747 1535; x_wconf 69' lang='lat' dir='ltr'><strong>(lanino</strong></span> <span class='ocrx_word' id='word_1_75' title='bbox 771 1472 849 1536; x_wconf 83' lang='lat'>247:</span> <span class='ocrx_word' id='word_1_76' title='bbox 880 1474 1033 1535; x_wconf 88' lang='lat' dir='ltr'><strong>Hercules</strong></span> <span class='ocrx_word' id='word_1_77' title='bbox 1056 1473 1145 1535; x_wconf 87' lang='lat' dir='ltr'><strong>olava</strong></span> <span class='ocrx_word' id='word_1_78' title='bbox 1167 1477 1309 1535; x_wconf 75' lang='lat' dir='ltr'><strong>armatus</strong></span> 
     </span>
     <span class='ocr_line' id='line_1_12' title="bbox 140 1581 681 1660; baseline 0 -20"><span class='ocrx_word' id='word_1_79' title='bbox 140 1585 249 1641; x_wconf 89' lang='lat' dir='ltr'><strong>contra</strong></span> <span class='ocrx_word' id='word_1_80' title='bbox 271 1599 370 1641; x_wconf 91' lang='lat' dir='ltr'><strong>unam</strong></span> <span class='ocrx_word' id='word_1_81' title='bbox 393 1581 528 1659; x_wconf 84' lang='lat' dir='ltr'><strong>figuram</strong></span> <span class='ocrx_word' id='word_1_82' title='bbox 551 1584 681 1660; x_wconf 86' lang='lat' dir='ltr'><strong>pugnat.</strong></span> 
     </span>
    </p>

    <p class='ocr_par' dir='ltr' id='par_1_5' title="bbox 228 1683 968 1765">
     <span class='ocr_line' id='line_1_13' title="bbox 228 1683 968 1765; baseline 0 -19"><span class='ocrx_word' id='word_1_83' title='bbox 228 1686 383 1765; x_wconf 88' lang='lat' dir='ltr'><strong>Principis</strong></span> <span class='ocrx_word' id='word_1_84' title='bbox 407 1686 528 1748; x_wconf 85' lang='lat' dir='ltr'><strong>Canino</strong></span> <span class='ocrx_word' id='word_1_85' title='bbox 555 1683 654 1747; x_wconf 83' lang='lat'>1192:</span> <span class='ocrx_word' id='word_1_86' title='bbox 680 1688 830 1763; x_wconf 85' lang='lat' dir='ltr'><strong>quattuor</strong></span> <span class='ocrx_word' id='word_1_87' title='bbox 852 1685 968 1746; x_wconf 90' lang='lat' dir='ltr'><strong>hostes.</strong></span> 
     </span>
    </p>

    <p class='ocr_par' dir='ltr' id='par_1_6' title="bbox 227 1790 882 1870">
     <span class='ocr_line' id='line_1_14' title="bbox 227 1790 882 1870; baseline 0 -19"><span class='ocrx_word' id='word_1_88' title='bbox 227 1791 382 1870; x_wconf 88' lang='lat' dir='ltr'><strong>Principis</strong></span> <span class='ocrx_word' id='word_1_89' title='bbox 406 1792 528 1854; x_wconf 82' lang='lat' dir='ltr'><strong>Canino</strong></span> <span class='ocrx_word' id='word_1_90' title='bbox 555 1790 653 1854; x_wconf 80' lang='lat'>1692:</span> <span class='ocrx_word' id='word_1_91' title='bbox 679 1790 744 1852; x_wconf 92' lang='lat' dir='ltr'><strong>duo</strong></span> <span class='ocrx_word' id='word_1_92' title='bbox 766 1790 882 1852; x_wconf 90' lang='lat' dir='ltr'><strong>hostes.</strong></span> 
     </span>
    </p>

    <p class='ocr_par' dir='ltr' id='par_1_7' title="bbox 227 1891 1308 1977">
     <span class='ocr_line' id='line_1_15' title="bbox 227 1891 1308 1977; baseline 0 -19"><span class='ocrx_word' id='word_1_93' title='bbox 227 1897 382 1977; x_wconf 90' lang='lat' dir='ltr'><strong>Principis</strong></span> <span class='ocrx_word' id='word_1_94' title='bbox 399 1898 520 1960; x_wconf 85' lang='lat' dir='ltr'><strong>Canino</strong></span> <span class='ocrx_word' id='word_1_95' title='bbox 530 1891 563 1975; x_wconf 84' lang='lat'><strong>¹):</strong></span> <span class='ocrx_word' id='word_1_96' title='bbox 589 1898 653 1959; x_wconf 93' lang='lat' dir='ltr'><strong>duo</strong></span> <span class='ocrx_word' id='word_1_97' title='bbox 669 1898 790 1969; x_wconf 82' lang='lat' dir='ltr'><strong>hostes3</strong></span> <span class='ocrx_word' id='word_1_98' title='bbox 815 1897 968 1973; x_wconf 87' lang='lat' dir='ltr'><strong>Hercules</strong></span> <span class='ocrx_word' id='word_1_99' title='bbox 985 1896 1075 1957; x_wconf 89' lang='lat' dir='ltr'><strong>clava</strong></span> <span class='ocrx_word' id='word_1_100' title='bbox 1089 1896 1235 1959; x_wconf 85' lang='lat' dir='ltr'><strong>munitus</strong></span> <span class='ocrx_word' id='word_1_101' title='bbox 1250 1900 1308 1964; x_wconf 86' lang='lat' dir='ltr'><strong>est.</strong></span> 
     </span>
    </p>

    <p class='ocr_par' dir='ltr' id='par_1_8' title="bbox 224 1997 814 2080">
     <span class='ocr_line' id='line_1_16' title="bbox 224 1997 814 2080; baseline 0.002 -17"><span class='ocrx_word' id='word_1_102' title='bbox 224 2003 437 2064; x_wconf 86' lang='lat' dir='ltr'><strong>Panckouekii</strong></span> <span class='ocrx_word' id='word_1_103' title='bbox 463 1997 548 2080; x_wconf 76' lang='lat'>74²):</span> <span class='ocrx_word' id='word_1_104' title='bbox 573 2009 636 2066; x_wconf 85' lang='lat' dir='ltr'><strong>tres</strong></span> <span class='ocrx_word' id='word_1_105' title='bbox 658 2003 776 2064; x_wconf 87' lang='lat' dir='ltr'><strong>hostes.</strong></span> <span class='ocrx_word' id='word_1_106' title='bbox 811 2019 814 2025; x_wconf 79' lang='grc'><em>“</em></span> 
     </span>
    </p>
   </div>
   <div class='ocr_carea' id='block_1_4' title="bbox 143 2106 1317 3562">
    <p class='ocr_par' dir='ltr' id='par_1_9' title="bbox 143 2106 1312 2294">
     <span class='ocr_line' id='line_1_17' title="bbox 229 2106 1312 2190; baseline -0.001 -21"><span class='ocrx_word' id='word_1_107' title='bbox 229 2109 384 2187; x_wconf 87' lang='lat' dir='ltr'><strong>Hydriae:</strong></span> <span class='ocrx_word' id='word_1_108' title='bbox 425 2111 579 2190; x_wconf 88' lang='lat' dir='ltr'><strong>principis</strong></span> <span class='ocrx_word' id='word_1_109' title='bbox 614 2109 736 2172; x_wconf 86' lang='lat' dir='ltr'><strong>Canino</strong></span> <span class='ocrx_word' id='word_1_110' title='bbox 767 2106 866 2171; x_wconf 84' lang='lat'>1690:</span> <span class='ocrx_word' id='word_1_111' title='bbox 902 2108 1066 2182; x_wconf 87' lang='lat' dir='ltr'><strong>Hercules,</strong></span> <span class='ocrx_word' id='word_1_112' title='bbox 1103 2108 1246 2170; x_wconf 87' lang='lat' dir='ltr'><strong>Minerva</strong></span> <span class='ocrx_word' id='word_1_113' title='bbox 1279 2111 1312 2168; x_wconf 87' lang='lat' dir='ltr'><strong>et</strong></span> 
     </span>
     <span class='ocr_line' id='line_1_18' title="bbox 143 2213 1140 2294; baseline 0 -20"><span class='ocrx_word' id='word_1_114' title='bbox 143 2214 297 2275; x_wconf 84' lang='lat' dir='ltr'><strong>Mercurio</strong></span> <span class='ocrx_word' id='word_1_115' title='bbox 320 2214 530 2290; x_wconf 86' lang='lat' dir='ltr'><strong>adstantibus,</strong></span> <span class='ocrx_word' id='word_1_116' title='bbox 555 2221 664 2278; x_wconf 91' lang='lat' dir='ltr'><strong>contra</strong></span> <span class='ocrx_word' id='word_1_117' title='bbox 687 2218 836 2294; x_wconf 86' lang='lat' dir='ltr'><strong>quattuor</strong></span> <span class='ocrx_word' id='word_1_118' title='bbox 859 2215 975 2292; x_wconf 82' lang='lat' dir='ltr'><strong>figuras</strong></span> <span class='ocrx_word' id='word_1_119' title='bbox 998 2213 1140 2275; x_wconf 78' lang='lat' dir='ltr'><strong>dimicat.</strong></span> 
     </span>
    </p>

    <p class='ocr_par' dir='ltr' id='par_1_10' title="bbox 232 2319 1317 2400">
     <span class='ocr_line' id='line_1_19' title="bbox 232 2319 1317 2400; baseline 0.005 -20"><span class='ocrx_word' id='word_1_120' title='bbox 232 2320 387 2400; x_wconf 89' lang='lat' dir='ltr'><strong>Petrcpol.</strong></span> <span class='ocrx_word' id='word_1_121' title='bbox 412 2319 468 2380; x_wconf 76' lang='lat'><strong>22:</strong></span> <span class='ocrx_word' id='word_1_122' title='bbox 497 2339 581 2383; x_wconf 89' lang='lat' dir='ltr'><strong>unus</strong></span> <span class='ocrx_word' id='word_1_123' title='bbox 603 2321 714 2383; x_wconf 80' lang='lat' dir='ltr'><strong>hostis</strong></span> <span class='ocrx_word' id='word_1_124' title='bbox 1212 2374 1215 2382; x_wconf 93' lang='lat'>.</span> <span class='ocrx_word' id='word_1_125' title='bbox 1315 2364 1317 2370; x_wconf 90' lang='lat'>·</span> 
     </span>
    </p>

    <p class='ocr_par' dir='ltr' id='par_1_11' title="bbox 143 2416 1313 2822">
     <span class='ocr_line' id='line_1_20' title="bbox 233 2416 1312 2504; baseline -0.002 -18"><span class='ocrx_word' id='word_1_126' title='bbox 233 2416 345 2504; x_wconf 86' lang='lat' dir='ltr'><strong>Cotyla</strong></span> <span class='ocrx_word' id='word_1_127' title='bbox 367 2425 582 2487; x_wconf 87' lang='lat' dir='ltr'><strong>Panckouckii</strong></span> <span class='ocrx_word' id='word_1_128' title='bbox 605 2420 692 2504; x_wconf 82' lang='lat'><strong>77²):</strong></span> <span class='ocrx_word' id='word_1_129' title='bbox 716 2425 871 2488; x_wconf 86' lang='lat' dir='ltr'><strong>Hercuies</strong></span> <span class='ocrx_word' id='word_1_130' title='bbox 894 2431 926 2487; x_wconf 90' lang='lat' dir='ltr'><strong>et</strong></span> <span class='ocrx_word' id='word_1_131' title='bbox 947 2426 1011 2487; x_wconf 93' lang='lat' dir='ltr'><strong>duo</strong></span> <span class='ocrx_word' id='word_1_132' title='bbox 1027 2425 1104 2488; x_wconf 89' lang='lat' dir='ltr'><strong>socii</strong></span> <span class='ocrx_word' id='word_1_133' title='bbox 1120 2443 1194 2486; x_wconf 92' lang='lat' dir='ltr'><strong>cum</strong></span> <span class='ocrx_word' id='word_1_134' title='bbox 1210 2423 1312 2485; x_wconf 85' lang='lat' dir='ltr'><strong>tribus</strong></span> 
     </span>
     <span class='ocr_line' id='line_1_21' title="bbox 143 2529 1312 2611; baseline 0 -21"><span class='ocrx_word' id='word_1_135' title='bbox 143 2531 289 2592; x_wconf 85' lang='lat' dir='ltr'><strong>hostibus</strong></span> <span class='ocrx_word' id='word_1_136' title='bbox 328 2536 485 2611; x_wconf 82' lang='lat' dir='ltr'><strong>pugnant3</strong></span> <span class='ocrx_word' id='word_1_137' title='bbox 525 2530 612 2609; x_wconf 92' lang='lat' dir='ltr'><strong>quod</strong></span> <span class='ocrx_word' id='word_1_138' title='bbox 652 2531 824 2593; x_wconf 89' lang='lat' dir='ltr'><strong>Duboisius</strong></span> <span class='ocrx_word' id='word_1_139' title='bbox 858 2531 1017 2610; x_wconf 87' lang='lat' dir='ltr'><strong>picturam</strong></span> <span class='ocrx_word' id='word_1_140' title='bbox 1051 2531 1151 2592; x_wconf 87' lang='lat' dir='ltr'><strong>trium</strong></span> <span class='ocrx_word' id='word_1_141' title='bbox 1185 2529 1312 2609; x_wconf 84' lang='lat' dir='ltr'><strong>parium</strong></span> 
     </span>
     <span class='ocr_line' id='line_1_22' title="bbox 144 2635 1313 2716; baseline 0 -21"><span class='ocrx_word' id='word_1_142' title='bbox 144 2636 357 2713; x_wconf 84' lang='lat' dir='ltr'><strong>pugnantium</strong></span> <span class='ocrx_word' id='word_1_143' title='bbox 391 2636 425 2697; x_wconf 92' lang='lat' dir='ltr'><strong>in</strong></span> <span class='ocrx_word' id='word_1_144' title='bbox 459 2636 557 2698; x_wconf 88' lang='lat' dir='ltr'><strong>altero</strong></span> <span class='ocrx_word' id='word_1_145' title='bbox 584 2637 668 2698; x_wconf 91' lang='lat' dir='ltr'><strong>vasis</strong></span> <span class='ocrx_word' id='word_1_146' title='bbox 695 2637 792 2698; x_wconf 86' lang='lat' dir='ltr'><strong>latere</strong></span> <span class='ocrx_word' id='word_1_147' title='bbox 811 2635 980 2716; x_wconf 90' lang='lat' dir='ltr'><strong>depictam</strong></span> <span class='ocrx_word' id='word_1_148' title='bbox 1004 2655 1078 2697; x_wconf 90' lang='lat' dir='ltr'><strong>oum</strong></span> <span class='ocrx_word' id='word_1_149' title='bbox 1105 2637 1166 2698; x_wconf 90' lang='lat' dir='ltr'><strong>hac</strong></span> <span class='ocrx_word' id='word_1_150' title='bbox 1187 2636 1313 2715; x_wconf 87' lang='lat' dir='ltr'><strong>pictura</strong></span> 
     </span>
     <span class='ocr_line' id='line_1_23' title="bbox 145 2741 1151 2822; baseline 0.002 -22"><span class='ocrx_word' id='word_1_151' title='bbox 145 2741 400 2819; x_wconf 84' lang='lat' dir='ltr'><strong>coniungendam</strong></span> <span class='ocrx_word' id='word_1_152' title='bbox 424 2761 490 2804; x_wconf 90' lang='lat' dir='ltr'><strong>esse</strong></span> <span class='ocrx_word' id='word_1_153' title='bbox 513 2747 615 2822; x_wconf 84' lang='lat' dir='ltr'><strong>putat,</strong></span> <span class='ocrx_word' id='word_1_154' title='bbox 639 2741 674 2803; x_wconf 93' lang='lat' dir='ltr'><strong>id</strong></span> <span class='ocrx_word' id='word_1_155' title='bbox 696 2741 778 2803; x_wconf 91' lang='lat' dir='ltr'><strong>mihi</strong></span> <span class='ocrx_word' id='word_1_156' title='bbox 800 2741 993 2820; x_wconf 91' lang='lat' dir='ltr'><strong>perdubium</strong></span> <span class='ocrx_word' id='word_1_157' title='bbox 1016 2741 1151 2803; x_wconf 85' lang='lat' dir='ltr'><strong>videtur.</strong></span> 
     </span>
    </p>

    <p class='ocr_par' dir='ltr' id='par_1_12' title="bbox 145 2845 1313 3032">
     <span class='ocr_line' id='line_1_24' title="bbox 233 2845 1313 2925; baseline -0.001 -18"><span class='ocrx_word' id='word_1_158' title='bbox 233 2848 344 2908; x_wconf 89' lang='lat' dir='ltr'><strong>Patera</strong></span> <span class='ocrx_word' id='word_1_159' title='bbox 366 2847 581 2909; x_wconf 87' lang='lat' dir='ltr'><strong>Panckouckii</strong></span> <span class='ocrx_word' id='word_1_160' title='bbox 604 2845 657 2922; x_wconf 81' lang='lat'><strong>75,</strong></span> <span class='ocrx_word' id='word_1_161' title='bbox 681 2848 715 2908; x_wconf 92' lang='lat' dir='ltr'><strong>in</strong></span> <span class='ocrx_word' id='word_1_162' title='bbox 738 2852 873 2925; x_wconf 88' lang='lat' dir='ltr'><strong>utroque</strong></span> <span class='ocrx_word' id='word_1_163' title='bbox 895 2848 1006 2909; x_wconf 90' lang='lat' dir='ltr'><strong>latere:</strong></span> <span class='ocrx_word' id='word_1_164' title='bbox 1046 2847 1200 2910; x_wconf 90' lang='lat' dir='ltr'><strong>Hercules</strong></span> <span class='ocrx_word' id='word_1_165' title='bbox 1224 2847 1313 2908; x_wconf 87' lang='lat' dir='ltr'><strong>clava</strong></span> 
     </span>
     <span class='ocr_line' id='line_1_25' title="bbox 145 2952 557 3032; baseline -0.002 -18"><span class='ocrx_word' id='word_1_166' title='bbox 145 2973 243 3014; x_wconf 90' lang='lat' dir='ltr'><strong>unam</strong></span> <span class='ocrx_word' id='word_1_167' title='bbox 267 2955 402 3032; x_wconf 84' lang='lat' dir='ltr'><strong>figuram</strong></span> <span class='ocrx_word' id='word_1_168' title='bbox 423 2952 557 3015; x_wconf 87' lang='lat' dir='ltr'><strong>invadit.</strong></span> 
     </span>
    </p>

    <p class='ocr_par' dir='ltr' id='par_1_13' title="bbox 143 3058 1315 3437">
     <span class='ocr_line' id='line_1_26' title="bbox 242 3058 1315 3138; baseline 0.002 -19"><span class='ocrx_word' id='word_1_169' title='bbox 242 3058 392 3136; x_wconf 84' lang='lat' dir='ltr'><strong>Sequitur</strong></span> <span class='ocrx_word' id='word_1_170' title='bbox 414 3064 451 3121; x_wconf 89' lang='lat' dir='ltr'><strong>ut</strong></span> <span class='ocrx_word' id='word_1_171' title='bbox 470 3079 547 3120; x_wconf 85' lang='lat' dir='ltr'><strong>vasa</strong></span> <span class='ocrx_word' id='word_1_172' title='bbox 561 3058 665 3120; x_wconf 88' lang='lat' dir='ltr'><strong>rubris</strong></span> <span class='ocrx_word' id='word_1_173' title='bbox 681 3059 790 3138; x_wconf 85' lang='lat' dir='ltr'><strong>figuris</strong></span> <span class='ocrx_word' id='word_1_174' title='bbox 806 3059 906 3121; x_wconf 88' lang='lat' dir='ltr'><strong>severi</strong></span> <span class='ocrx_word' id='word_1_175' title='bbox 920 3059 1042 3136; x_wconf 86' lang='lat' dir='ltr'><strong>generis</strong></span> <span class='ocrx_word' id='word_1_176' title='bbox 1058 3065 1169 3122; x_wconf 90' lang='lat' dir='ltr'><strong>ornata</strong></span> <span class='ocrx_word' id='word_1_177' title='bbox 1191 3080 1315 3122; x_wconf 87' lang='lat' dir='ltr'><strong>conme-</strong></span> 
     </span>
     <span class='ocr_line' id='line_1_27' title="bbox 146 3165 1315 3246; baseline 0.002 -22"><span class='ocrx_word' id='word_1_178' title='bbox 146 3184 316 3225; x_wconf 88' lang='lat' dir='ltr'><strong>moremus.</strong></span> <span class='ocrx_word' id='word_1_179' title='bbox 364 3165 508 3225; x_wconf 88' lang='lat' dir='ltr'><strong>Picturae</strong></span> <span class='ocrx_word' id='word_1_180' title='bbox 531 3165 669 3244; x_wconf 89' lang='lat' dir='ltr'><strong>quaein</strong></span> <span class='ocrx_word' id='word_1_181' title='bbox 692 3165 737 3226; x_wconf 90' lang='lat' dir='ltr'><strong>eis</strong></span> <span class='ocrx_word' id='word_1_182' title='bbox 757 3166 958 3246; x_wconf 89' lang='lat' dir='ltr'><strong>reperiuntur</strong></span> <span class='ocrx_word' id='word_1_183' title='bbox 980 3186 1090 3228; x_wconf 90' lang='lat' dir='ltr'><strong>earum</strong></span> <span class='ocrx_word' id='word_1_184' title='bbox 1113 3185 1195 3246; x_wconf 90' lang='lat' dir='ltr'><strong>quae</strong></span> <span class='ocrx_word' id='word_1_185' title='bbox 1217 3185 1315 3245; x_wconf 89' lang='lat' dir='ltr'><strong>supra</strong></span> 
     </span>
     <span class='ocr_line' id='line_1_28' title="bbox 143 3269 1313 3352; baseline 0.002 -23"><span class='ocrx_word' id='word_1_186' title='bbox 143 3269 284 3331; x_wconf 85' lang='lat' dir='ltr'><strong>vidimus</strong></span> <span class='ocrx_word' id='word_1_187' title='bbox 307 3271 342 3330; x_wconf 91' lang='lat' dir='ltr'><strong>in</strong></span> <span class='ocrx_word' id='word_1_188' title='bbox 364 3270 550 3332; x_wconf 87' lang='lat' dir='ltr'><strong>universum</strong></span> <span class='ocrx_word' id='word_1_189' title='bbox 573 3269 702 3345; x_wconf 88' lang='lat' dir='ltr'><strong>similes,</strong></span> <span class='ocrx_word' id='word_1_190' title='bbox 738 3272 794 3333; x_wconf 90' lang='lat' dir='ltr'><strong>sed</strong></span> <span class='ocrx_word' id='word_1_191' title='bbox 816 3272 1011 3352; x_wconf 89' lang='lat' dir='ltr'><strong>pulchriores</strong></span> <span class='ocrx_word' id='word_1_192' title='bbox 1046 3276 1078 3334; x_wconf 90' lang='lat' dir='ltr'><strong>et</strong></span> <span class='ocrx_word' id='word_1_193' title='bbox 1111 3271 1313 3352; x_wconf 81' lang='lat' dir='ltr'><strong>perfectiores</strong></span> 
     </span>
     <span class='ocr_line' id='line_1_29' title="bbox 144 3379 227 3437; baseline -0.024 0"><span class='ocrx_word' id='word_1_194' title='bbox 144 3379 227 3437; x_wconf 86' lang='lat' dir='ltr'><strong>sunt.</strong></span> 
     </span>
    </p>

    <p class='ocr_par' dir='ltr' id='par_1_14' title="bbox 234 3481 1313 3562">
     <span class='ocr_line' id='line_1_30' title="bbox 234 3481 1313 3562; baseline 0.003 -21"><span class='ocrx_word' id='word_1_195' title='bbox 234 3481 260 3543; x_wconf 90' lang='grc' dir='ltr'><strong>Ι,</strong></span> <span class='ocrx_word' id='word_1_196' title='bbox 285 3481 324 3542; x_wconf 93' lang='lat' dir='ltr'><strong>In</strong></span> <span class='ocrx_word' id='word_1_197' title='bbox 347 3482 452 3560; x_wconf 89' lang='lat' dir='ltr'><strong>prima</strong></span> <span class='ocrx_word' id='word_1_198' title='bbox 474 3481 590 3542; x_wconf 91' lang='lat' dir='ltr'><strong>harum</strong></span> <span class='ocrx_word' id='word_1_199' title='bbox 606 3481 803 3562; x_wconf 86' lang='lat' dir='ltr'><strong>picturarum</strong></span> <span class='ocrx_word' id='word_1_200' title='bbox 819 3484 918 3546; x_wconf 89' lang='lat' dir='ltr'><strong>classe</strong></span> <span class='ocrx_word' id='word_1_201' title='bbox 932 3482 1097 3558; x_wconf 83' lang='lat' dir='ltr'><strong>Hercules,</strong></span> <span class='ocrx_word' id='word_1_202' title='bbox 1120 3486 1158 3544; x_wconf 89' lang='lat' dir='ltr'><strong>ut</strong></span> <span class='ocrx_word' id='word_1_203' title='bbox 1179 3481 1213 3543; x_wconf 93' lang='lat' dir='ltr'><strong>in</strong></span> <span class='ocrx_word' id='word_1_204' title='bbox 1228 3481 1313 3545; x_wconf 87' lang='lat' dir='ltr'><strong>vasis</strong></span> 
     </span>
    </p>
   </div>
   <div class='ocr_carea' id='block_1_5' title="bbox 144 3586 1313 3754">
    <p class='ocr_par' dir='ltr' id='par_1_15' title="bbox 144 3586 1313 3754">
     <span class='ocr_line' id='line_1_31' title="bbox 144 3586 1313 3668; baseline 0.004 -21"><span class='ocrx_word' id='word_1_205' title='bbox 144 3586 241 3665; x_wconf 83' lang='lat' dir='ltr'><strong>nigris</strong></span> <span class='ocrx_word' id='word_1_206' title='bbox 265 3587 374 3666; x_wconf 84' lang='lat' dir='ltr'><strong>figuris</strong></span> <span class='ocrx_word' id='word_1_207' title='bbox 390 3586 555 3663; x_wconf 87' lang='lat' dir='ltr'><strong>decoratis,</strong></span> <span class='ocrx_word' id='word_1_208' title='bbox 572 3587 681 3650; x_wconf 88' lang='lat' dir='ltr'><strong>tunica</strong></span> <span class='ocrx_word' id='word_1_209' title='bbox 696 3593 728 3650; x_wconf 91' lang='lat' dir='ltr'><strong>et</strong></span> <span class='ocrx_word' id='word_1_210' title='bbox 743 3589 825 3668; x_wconf 89' lang='lat' dir='ltr'><strong>pelle</strong></span> <span class='ocrx_word' id='word_1_211' title='bbox 841 3589 974 3652; x_wconf 90' lang='lat' dir='ltr'><strong>vestitus</strong></span> <span class='ocrx_word' id='word_1_212' title='bbox 990 3593 1046 3663; x_wconf 88' lang='lat' dir='ltr'><strong>est,</strong></span> <span class='ocrx_word' id='word_1_213' title='bbox 1063 3594 1095 3651; x_wconf 89' lang='lat' dir='ltr'><strong>et</strong></span> <span class='ocrx_word' id='word_1_214' title='bbox 1110 3589 1152 3655; x_wconf 90' lang='lat' dir='ltr'><strong>ad</strong></span> <span class='ocrx_word' id='word_1_215' title='bbox 1167 3588 1313 3653; x_wconf 85' lang='lat' dir='ltr'><strong>dextram</strong></span> 
     </span>
     <span class='ocr_line' id='line_1_32' title="bbox 144 3692 317 3754; baseline 0.012 -2"><span class='ocrx_word' id='word_1_216' title='bbox 144 3692 317 3754; x_wconf 77' lang='lat' dir='ltr'><strong>contendit¹</strong></span> 
     </span>
    </p>
   </div>
   <div class='ocr_carea' id='block_1_6' title="bbox 143 3863 1314 4198">
    <p class='ocr_par' dir='ltr' id='par_1_16' title="bbox 144 3863 1314 4020">
     <span class='ocr_line' id='line_1_33' title="bbox 217 3863 1314 3935; baseline 0.006 -17"><span class='ocrx_word' id='word_1_217' title='bbox 217 3867 237 3933; x_wconf 88' lang='lat'><strong>¹)</strong></span> <span class='ocrx_word' id='word_1_218' title='bbox 256 3863 350 3919; x_wconf 86' lang='lat' dir='ltr'><strong>Notice</strong></span> <span class='ocrx_word' id='word_1_219' title='bbox 369 3864 448 3919; x_wconf 88' lang='lat' dir='ltr'><strong>d’une</strong></span> <span class='ocrx_word' id='word_1_220' title='bbox 467 3864 609 3919; x_wconf 84' lang='lat' dir='ltr'><strong>collection</strong></span> <span class='ocrx_word' id='word_1_221' title='bbox 628 3864 662 3919; x_wconf 87' lang='lat' dir='ltr'><strong>de</strong></span> <span class='ocrx_word' id='word_1_222' title='bbox 681 3879 759 3919; x_wconf 87' lang='lat' dir='ltr'><strong>vascs</strong></span> <span class='ocrx_word' id='word_1_223' title='bbox 777 3865 865 3935; x_wconf 80' lang='lat' dir='ltr'><strong>points</strong></span> <span class='ocrx_word' id='word_1_224' title='bbox 883 3864 947 3921; x_wconf 73' lang='lat' dir='ltr'><strong>tiras</strong></span> <span class='ocrx_word' id='word_1_225' title='bbox 971 3866 1020 3921; x_wconf 88' lang='lat' dir='ltr'><strong>des</strong></span> <span class='ocrx_word' id='word_1_226' title='bbox 1039 3866 1146 3922; x_wconf 77' lang='lat' dir='ltr'><strong>souilles</strong></span> <span class='ocrx_word' id='word_1_227' title='bbox 1173 3864 1252 3921; x_wconf 84' lang='lat' dir='ltr'><strong>faites</strong></span> <span class='ocrx_word' id='word_1_228' title='bbox 1279 3882 1314 3925; x_wconf 87' lang='lat' dir='ltr'><strong>en</strong></span> 
     </span>
     <span class='ocr_line' id='line_1_34' title="bbox 144 3951 571 4020; baseline 0 -14"><span class='ocrx_word' id='word_1_229' title='bbox 144 3951 258 4020; x_wconf 79' lang='lat' dir='ltr'><strong>Etruria,</strong></span> <span class='ocrx_word' id='word_1_230' title='bbox 277 3952 347 4016; x_wconf 72' lang='lat' dir='ltr'><strong>Par..</strong></span> <span class='ocrx_word' id='word_1_231' title='bbox 366 3953 445 4020; x_wconf 78' lang='lat'>1845,</span> <span class='ocrx_word' id='word_1_232' title='bbox 463 3969 508 4008; x_wconf 89' lang='lat' dir='ltr'><strong>no.</strong></span> <span class='ocrx_word' id='word_1_233' title='bbox 528 3953 571 4008; x_wconf 83' lang='lat'><strong>15.</strong></span> 
     </span>
    </p>

    <p class='ocr_par' dir='ltr' id='par_1_17' title="bbox 143 4038 1314 4198">
     <span class='ocr_line' id='line_1_35' title="bbox 216 4038 1314 4115; baseline 0.001 -20"><span class='ocrx_word' id='word_1_234' title='bbox 216 4041 238 4107; x_wconf 85' lang='lat'><strong>²)</strong></span> <span class='ocrx_word' id='word_1_235' title='bbox 256 4038 334 4095; x_wconf 88' lang='lat' dir='ltr'><strong>Nune</strong></span> <span class='ocrx_word' id='word_1_236' title='bbox 357 4040 497 4095; x_wconf 88' lang='lat' dir='ltr'><strong>Bononiae</strong></span> <span class='ocrx_word' id='word_1_237' title='bbox 520 4039 760 4111; x_wconf 80' lang='lat' dir='ltr'><strong>Franeogallorum</strong></span> <span class='ocrx_word' id='word_1_238' title='bbox 783 4043 896 4106; x_wconf 86' lang='lat' dir='ltr'><strong>servata,</strong></span> <span class='ocrx_word' id='word_1_239' title='bbox 919 4041 954 4098; x_wconf 81' lang='lat' dir='ltr'><strong>cf.</strong></span> <span class='ocrx_word' id='word_1_240' title='bbox 972 4043 1054 4098; x_wconf 79' lang='lat' dir='ltr'><strong>Areh.</strong></span> <span class='ocrx_word' id='word_1_241' title='bbox 1072 4041 1212 4115; x_wconf 77' lang='lat' dir='ltr'><strong>Anaeigcr,</strong></span> <span class='ocrx_word' id='word_1_242' title='bbox 1237 4042 1314 4110; x_wconf 83' lang='grc'><strong>1889,</strong></span> 
     </span>
     <span class='ocr_line' id='line_1_36' title="bbox 143 4129 251 4198; baseline 0.028 -16"><span class='ocrx_word' id='word_1_243' title='bbox 143 4144 170 4198; x_wconf 88' lang='lat' dir='ltr'><strong>p.</strong></span> <span class='ocrx_word' id='word_1_244' title='bbox 189 4129 251 4185; x_wconf 79' lang='lat'>185.</span> 
     </span>
    </p>
   </div>
   <div class='ocr_carea' id='block_1_7' title="bbox 0 0 1465 4650">
    <p class='ocr_par' dir='ltr' id='par_1_18' title="bbox 0 0 1465 4650">
     <span class='ocr_line' id='line_1_37' title="bbox 0 0 1465 4650; baseline 0 0"><span class='ocrx_word' id='word_1_245' title='bbox 0 0 1465 4650; x_wconf 95' lang='lat' dir='ltr'><strong> </strong></span> 
     </span>
    </p>
   </div>
  </div>
 </body>
</html>
