2910 4650
624 252 844 367 497..

232 499 340 562 Aliam
358 501 492 580 figuram
509 502 649 563 similem
664 501 791 562 Parisiis
815 501 848 561 in
864 500 1093 561 nununotheea
1110 499 1221 578 (3646)
1237 497 1317 561 vidi:

135 628 225 688 quae
248 608 345 668 mitra
372 614 404 669 et
426 608 536 669 tunica
563 608 707 688 perbrevi
731 628 747 668 e
771 612 858 669 texto
880 606 966 685 gravi
990 607 1097 686 aliquo
1121 608 1171 668 vel
1186 609 1319 668 fortasse

138 736 157 777 e
183 714 266 794 pelle
289 715 375 775 faeta
397 715 521 790 vestit-a,
546 718 578 775 et
599 714 634 774 in
658 733 739 792 equo
764 717 907 774 currente
931 713 1043 776 sedens
1067 715 1216 793 sagittam
1246 715 1319 776 mis·

139 841 218 884 sura
239 821 382 900 respicit3
412 821 467 884 sed
491 842 565 882 eum
588 800 697 882 tuniea
719 821 775 881 ilia
798 821 921 882 brevior
944 820 995 895 sit,
1020 840 1117 899 quam
1140 822 1176 882 in
1198 821 1320 882 femina

140 932 351 1008 exspectares,
377 928 489 989 dubito
510 934 618 989 utrum
634 929 736 991 virum
750 928 936 1007 Scythicum
953 948 993 988 an
1010 930 1204 989 Amazonem
1216 930 1319 988 faeere

140 1035 258 1096 artifex
283 1035 427 1095 voluerit.

235 1141 383 1201 Ceterum
406 1145 469 1202 tres
493 1143 609 1219 figuras
633 1146 792 1219 equestres
826 1141 860 1201 in
894 1161 968 1204 vase
991 1125 1134 1204 eiusdem
1157 1141 1279 1219 generis
1303 1161 1321 1201 a

146 1249 184 1310 W
185 1246 413 1308 inokelmanno
437 1252 673 1308 conmemorato
685 1241 705 1325 ¹)
721 1248 840 1326 positas
856 1267 971 1326 parum
987 1252 1069 1308 reete
1086 1246 1128 1308 ad
1143 1250 1320 1308 Amazones

141 1353 291 1414 retulisse
315 1353 643 1413 Raoul-Roohettium
665 1353 708 1427 id,
735 1354 821 1431 quod
844 1354 926 1414 duae
950 1374 1059 1415 earum
1082 1353 1117 1413 in
1140 1354 1229 1432 equis
1253 1373 1320 1414 mu·

141 1459 261 1520 lierum
276 1458 310 1518 in
327 1458 461 1519 modum
482 1458 601 1532 sedent,
627 1460 704 1522 satis
724 1460 930 1522 demonstrat.
948 1479 952 1487 ·
978 1460 1087 1537 Neque
1103 1464 1196 1534 reete,
1220 1460 1321 1521 Peter·

141 1584 220 1627 seno
244 1569 334 1636 teste,
359 1564 475 1641 figuras
488 1570 656 1643 equestres,
682 1585 763 1644 quae
786 1566 925 1644 inopere
942 1585 1031 1626 aereo
1047 1565 1124 1625 olim
1138 1566 1321 1627 Castellanii

140 1674 324 1752 pugnantes
346 1671 483 1731 caelatae
505 1677 588 1744 sunt,
614 1674 791 1734 Amazones
811 1691 878 1733 esse
899 1671 1132 1748 Furtivaengier
1152 1672 1278 1751 putavit
1287 1669 1320 1750 ²)

235 1776 344 1836 Habes
368 1796 405 1837 ea
428 1796 509 1854 quae
533 1776 572 1838 de
588 1778 788 1838 Amazonum
805 1777 913 1855 figuris
929 1777 1162 1855 antiquissimis
1185 1778 1320 1857 reperire

144 1883 245 1963 potui.
295 1882 366 1953 Qua
388 1883 422 1942 in
435 1883 619 1961 quaestione
642 1884 668 1943 si
681 1883 760 1962 quid
772 1883 813 1944 ad
829 1884 1053 1962 antiquitatem
1070 1877 1321 1962 cognoscendam

151 1989 319 2061 eontulero,
344 2008 460 2066 magno
484 1989 566 2049 mihi
589 1990 705 2068 gaudio
729 1991 796 2051 erit.

155 2120 246 2128 *-

219 2184 238 2247 Ι)
260 2178 468 2245 Winokelmann‚
482 2179 585 2240 werke,
606 2180 650 2246 111,
670 2197 697 2249 p.
707 2181 774 2246 2163
790 2181 904 2239 ,Journal
918 2181 966 2235 des
980 2181 1102 2248 Samnis,
1125 2181 1201 2247 1853,
1221 2197 1247 2250 p.
1259 2183 1326 2252 4723

149 2266 216 2321 Ann.
238 2266 299 2320 dell'
319 2267 395 2333 lust,
415 2268 493 2334 1879,
513 2285 531 2336 p
559 2269 620 2323 133.

218 2359 242 2421 ²)
262 2355 382 2409 Berliner
416 2356 611 2426 philologisehe
640 2357 838 2424 Woebeosebe,
873 2359 948 2426 1888,
979 2375 1006 2427 p.
1035 2358 1118 2430 14503
1155 2357 1189 2412 ef.
1218 2358 1326 2412 Bonner

149 2442 268 2511 Studien,
289 2462 314 2513 p.
335 2447 396 2511 256,
416 2463 441 2502 n.
462 2447 503 2499 ⁸20.
