2910 4650
563 311 779 377 ..59-

80 528 175 571 zonas
198 508 299 572 videri
322 509 446 582 dixerit,
470 511 628 589 picturam
644 510 825 571 adcuratius
841 510 1015 572 describere
1030 530 1095 572 non
1110 517 1251 590 possum.

81 616 121 676 In
137 597 209 676 uno
218 615 315 676 latere
327 615 375 676 vir
386 616 549 689 Amazoni,
563 621 600 677 ut
611 615 745 689 videtur,
759 636 841 694 genu
853 617 947 678 nixae
958 618 1084 679 hastam
1100 616 1251 688 intendit;

80 742 181 802 prope
204 740 257 783 eos
280 728 355 782 sunt
377 721 466 782 ulula
489 727 521 782 et
539 721 661 783 litterae
686 731 718 794 ><
731 735 766 784 >
779 724 819 795 Θ.
848 723 887 783 In
910 723 1022 785 dextra
1035 727 1124 801 parte
1140 721 1187 784 vir
1203 722 1251 799 (f),

82 847 280 906 quamquam
304 827 430 887 nullum
453 828 578 889 hostem
601 827 707 901 habet,
732 828 858 889 hastam
881 829 1038 889 intentam
1072 832 1168 889 tenet.
1214 827 1253 889 In

82 935 181 995 altero
203 932 287 995 vasis
310 933 407 994 latere
430 933 530 1010 figura
552 938 663 1013 pectus
687 934 815 995 atterius
830 935 948 1011 figurae
962 934 1054 995 hasta
1069 933 1252 1006 transfodit3

82 1061 119 1100 ea
134 1039 240 1116 gladio
256 1058 289 1101 se
305 1038 473 1100 defendere
488 1044 633 1111 conatum
659 1039 773 1101 deinde
790 1041 871 1103 duae
887 1041 1005 1118 figurae
1021 1059 1115 1120 super
1126 1040 1253 1104 tertiam

85 1145 282 1207 vulneratam
305 1150 464 1222 pugnant3
489 1149 650 1225 postremo
673 1148 823 1224 quattuor
846 1147 974 1225 figurae,
991 1165 1127 1224 quarum
1150 1146 1254 1225 prima

83 1270 182 1313 manu
205 1249 334 1312 sinistra
356 1250 456 1313 hostis
480 1251 635 1313 cassidem
658 1256 769 1314 tenens
793 1257 825 1314 et
846 1253 961 1333 pedem
985 1253 1132 1314 dextrum
1160 1251 1194 1313 in
1217 1273 1253 1314 eo
1333 1326 1336 1334 Ι

83 1356 225 1436 positura
248 1355 341 1417 hasta
364 1376 437 1417 eum
462 1357 612 1435 percutit;
649 1358 690 1418 ad
724 1377 777 1420 eas
811 1359 940 1438 respicit
973 1359 1021 1420 vir
1048 1359 1200 1420 barbatus
1223 1362 1254 1420 et

83 1462 180 1524 armis
203 1455 269 1523 non
291 1462 473 1535 instructus,
499 1467 673 1541 quartaque
696 1464 797 1541 figura
819 1464 975 1526 auxilium
999 1466 1069 1526 fert.

170 1565 216 1647 (β)
239 1569 323 1630 Vasa
345 1568 452 1629 Attica
474 1569 709 1647 antiquissima:

164 1675 360 1754 Amphorae:
372 1675 553 1754 Campanae
569 1673 663 1748 1080,
679 1695 765 1735 nunc
777 1676 811 1736 in
817 1676 1203 1739 museoParisinoservata
1212 1668 1251 1758 1);

82 1783 117 1843 in
139 1781 248 1843 media
263 1781 387 1860 pictura
402 1781 494 1842 miles
510 1781 551 1842 ad
567 1781 711 1842 dextram
732 1802 841 1842 versus
856 1800 931 1841 cum
947 1781 1079 1843 adversa
1094 1784 1254 1842 Amazone

82 1893 218 1968 pugnat3
241 1907 278 1947 ea
301 1888 410 1949 tunica
432 1887 528 1960 brevi,
560 1888 672 1960 ocreis,
708 1888 821 1965 gladic,
859 1887 980 1949 casside
1018 1888 1113 1949 cristo
1136 1887 1253 1948 humili
1283 1934 1286 1938 -

83 1999 202 2067 omata,
228 2013 349 2072 parma,
373 1993 466 2055 hasta
488 1994 643 2056 instructa
666 1997 722 2055 est.
763 1995 801 2054 In
825 1993 936 2054 dextra
951 1998 1039 2072 parte
1055 1996 1197 2054 Amazon
1213 1993 1254 2054 ad

83 2101 228 2163 dextram
252 2119 341 2161 versa
357 2103 389 2160 et
400 2099 511 2160 eodem
524 2100 620 2160 modo
636 2105 758 2161 armata
769 2101 895 2162 hastam
911 2099 947 2159 in
958 2100 1094 2160 militem
1106 2098 1252 2172 intendit,

82 2207 138 2285 qui
161 2206 204 2267 ad
227 2206 371 2267 dextram
395 2225 504 2267 versus
527 2210 558 2266 et
581 2206 714 2283 genibus
729 2206 824 2266 nixus
840 2206 969 2284 respicit
991 2211 1023 2267 et
1038 2225 1070 2267 se
1087 2204 1254 2267 defendere

82 2316 228 2384 conatum
252 2313 346 2373 tertia
369 2313 465 2373 etiam
481 2315 632 2385 Amazon,
657 2313 774 2385 tunica,
792 2331 998 2390 superquam
1015 2310 1252 2390 pellemhabet,

81 2420 192 2493 ocreis,
214 2419 311 2479 mitra
332 2418 380 2494 (f),
405 2438 517 2497 parma
540 2419 664 2479 munita
687 2418 727 2478 ad
751 2418 912 2479 sinistram
929 2437 1056 2478 currens
1076 2418 1201 2478 hastam
1226 2417 1255 2477 ei

82 2525 232 2587 intendit.
279 2525 317 2584 In
334 2524 433 2585 altera
448 2524 589 2603 picturae
605 2528 694 2602 parte
709 2524 801 2585 miles
817 2523 858 2584 ad
870 2524 1031 2585 sinistram
1044 2542 1152 2584 versus
1163 2523 1255 2584 hasta

83 2636 281 2692 Amazonem
304 2649 510 2710 percussurus
534 2635 594 2701 est;
631 2651 667 2690 ea
694 2630 812 2704 tunica,
848 2630 956 2703 ocreis,
992 2620 1107 2707 gladic,
1132 2629 1254 2709 casside

81 2737 201 2799 humili
226 2736 320 2798 crista
343 2741 462 2809 ornata,
488 2756 600 2815 parma
614 2736 758 2816 praedita
781 2735 822 2795 ad
838 2736 982 2797 dextram
1006 2754 1095 2796 versa
1118 2738 1174 2808 est,
1199 2735 1255 2796 sed

81 2862 165 2921 genu
188 2843 264 2904 nixa
286 2842 422 2922 respicit,
447 2846 484 2904 ut
495 2843 587 2902 hasta
599 2842 691 2903 feriat
702 2842 802 2903 alium
818 2842 964 2915 militem,
982 2840 1038 2920 qui
1053 2840 1094 2900 ad
1110 2839 1254 2909 dextram

81 2968 192 3026 versus
215 2949 341 3009 hastam
365 2948 394 3009 ei
416 2947 564 3010 intendit.
1223 3015 1226 3022 ¹

175 3047 380 3131 Fontanaeh:
405 3055 440 3114 in
463 3053 570 3115 media
593 3054 716 3132 pictura
739 3058 801 3115 tres
821 3055 1007 3128 Amazones,
1032 3071 1168 3131 quarum
1191 3071 1256 3111 una

83 3161 214 3222 alterius
236 3180 319 3238 genu
342 3161 436 3221 nixae
471 3164 598 3221 scutum
621 3161 714 3221 hasta
741 3160 842 3234 feriat,
868 3160 959 3221 tertia
982 3159 1138 3230 dextram,
1164 3157 1255 3235 quasi

83 3268 209 3328 hastam
233 3267 365 3340 iactura,
388 3266 503 3328 tollens
527 3265 682 3340 adcurrat,
707 3267 789 3328 inter
813 3287 845 3334 sc
867 3285 1007 3345 pugnare
1023 3264 1102 3325 dicit
1117 3264 1255 3325 Hoerne

83 3373 159 3435 sius.
207 3372 300 3444 Quod
328 3392 401 3433 cum
420 3371 615 3433 incredibile
642 3374 697 3447 sit,
733 3378 789 3433 aut
823 3393 896 3434 eum
920 3371 1070 3433 erravisse
1104 3373 1160 3429 aut
1183 3368 1255 3439 albo

83 3479 247 3559 pigmento
275 3499 374 3540 unam
396 3479 448 3540 vel
471 3478 551 3540 duas
566 3478 706 3539 virorum
730 3479 846 3555 figuras
869 3479 1053 3539 refectorem
1069 3474 1255 3537 coloravisse

82 3585 253 3657 verisimile
287 3591 345 3647 est.
391 3586 431 3646 In
465 3585 593 3647 sinistra
627 3588 716 3663 parte
752 3583 833 3644 duos
865 3584 948 3647 viros
983 3583 1083 3644 hastis
1110 3583 1194 3642 inter
1223 3601 1255 3642 se

83 3711 224 3769 pugnare
248 3690 338 3763 dicit;
369 3711 505 3770 quarum
529 3691 701 3768 figurarum
730 3709 795 3750 una
818 3689 886 3749 sine
909 3688 1008 3749 dubio
1032 3691 1174 3748 Amazon
1197 3691 1254 3747 est

157 3865 176 3930 ¹)
195 3862 314 3917 Dumout
332 3866 360 3918 et
378 3861 521 3932 Ghaplaiu,
540 3862 558 3916 l.
577 3862 603 3924 l.,
625 3879 650 3931 p.
669 3864 729 3916 330.

156 3952 176 4017 ²)
195 3952 371 4022 Arch-epigr.
403 3950 507 4005 Mitteil.
537 3967 585 4004 aus
612 3949 787 4014 Oesterreich,
817 3949 848 4014 ΙΙ,
877 3965 902 4016 p.
931 3949 973 4014 20,
993 3963 1037 4001 uo.
1062 3946 1255 4013 ltiloerue's).;

82 4039 163 4094 Arch.
183 4040 300 4110 Auzeig,
330 4040 408 4106 1853,
436 4055 462 4108 p.
482 4039 543 4106 401,
563 4056 606 4093 no.
627 4040 657 4102 63
686 4035 893 4093 Denkschriften
913 4036 960 4092 der
979 4036 1082 4092 Wiener
1100 4034 1254 4092 Akademie

85 4128 106 4197 1,
125 4144 152 4197 p.
172 4129 232 4196 288,
251 4130 276 4184 3.
