2910 4650
621 276 823 374 ..51ss

135 508 209 564 tum
232 508 289 577 est,
314 503 404 566 cuius
427 505 574 579 colorem,-
614 509 683 565 atro
720 505 883 583 pigmento
922 505 1032 567 ceteris
1071 506 1139 567 eius
1166 507 1310 585 partibus

137 608 294 682 adhibito,
319 609 447 687 figurae,
475 610 564 671 velut
586 609 621 670 in
643 610 727 672 vasis
750 610 853 672 rubris
888 611 997 688 figuris
1031 611 1159 681 ornatis,
1191 631 1310 674 conser-

136 719 242 784 vant„
271 715 311 775 ln
333 715 441 778 media
463 716 587 796 pictura
605 718 750 778 ‚Amazon
767 717 884 791 tunica,
902 717 1007 791 mitra,
1024 718 1172 796 pharetra
1187 719 1312 779 munita
1386 726 1393 739 ·

138 822 173 881 in
196 840 279 899 equo
302 821 343 882 ad
368 821 513 882 dextram
536 841 626 883 verso
649 821 746 883 sedet.
794 823 861 884 Sub
876 842 958 901 equo
974 827 1022 884 est
1036 823 1125 900 galea
1138 824 1310 885 Corinthia.

138 929 223 988 Ante
248 945 367 1005 equum
391 927 490 988 altera
512 928 655 988 Amazon
677 928 795 1002 tunica,
820 928 1006 1007 chlamyde,¹
1020 929 1147 990 thorace
1170 929 1217 1008 (P),
1243 929 1312 991 reti·

139 1033 221 1106 culo,
247 1033 364 1107 collari,
388 1032 522 1106 armilla,
547 1032 721 1106 inauribus,
754 1033 846 1095 hasta
863 1034 1017 1096 instructa
1039 1039 1071 1095 et
1086 1040 1182 1114 caput
1197 1035 1313 1097 hedera

138 1143 288 1203 coronata
310 1139 352 1200 ad
375 1138 521 1200 dextram
549 1158 639 1200 versa
672 1143 728 1213 est,
758 1140 814 1201 sed
840 1140 881 1201 ad
916 1141 1077 1203 sinistram
1106 1141 1242 1220 respicit,
1281 1146 1313 1202 et

140 1245 288 1307 dextram
311 1263 409 1324 prope
432 1263 551 1323 equum
575 1245 727 1306 extendit.
774 1245 814 1305 In
837 1244 935 1306 altera
954 1245 1096 1324 picturae
1116 1251 1205 1326 parte
1220 1247 1313 1307 tertia

77 1422 84 1435 ·
141 1354 283 1412 Amazon
307 1350 348 1411 ad
372 1351 533 1413 sinistram
557 1369 647 1412 versa
681 1354 713 1411 et
746 1351 863 1424 tunica,
900 1351 1005 1425 lorica,
1030 1352 1148 1427 collari,
1177 1352 1312 1428 armilla,

140 1458 315 1531 inauribus,
340 1476 456 1518 corona
477 1462 588 1517 ornata
610 1456 724 1518 loricae
747 1457 851 1517 lorum
875 1457 1007 1535 adligat;
1032 1478 1130 1537 prope
1152 1476 1223 1520 earn
1239 1463 1315 1520 sunt

141 1583 254 1642 parma
277 1568 308 1624 et
330 1562 455 1641 gladius
478 1582 552 1624 cum
576 1562 690 1624 balteo.

147 1728 151 1733 .
230 1668 270 1749 (γ)
293 1670 378 1731 Vasa
399 1668 504 1730 rubris
527 1668 635 1747 figuris
659 1668 757 1730 severi
780 1667 902 1746 generis
925 1673 1049 1730 ornata:

232 1773 384 1837 Stamnus
408 1774 563 1853 Petropol.
592 1772 689 1834 1357:
702 1768 722 1851 ¹)
745 1774 779 1834 in
802 1774 929 1835 sinistra
951 1774 1094 1852 picturae
1111 1779 1200 1852 parte
1218 1778 1312 1836 Ama·

143 1899 202 1942 zon
225 1879 267 1941 ad
290 1879 436 1941 dextram
459 1900 549 1942 versa
582 1886 614 1941 et
647 1880 756 1941 tunica
787 1879 885 1952 brevi,
909 1879 1016 1953 ocreis,
1052 1880 1190 1955 thorace,
1222 1881 1315 1943 hasta

143 1986 271 2057 munita
292 1985 448 2048 cassidem
472 1975 634 2048 sinistram
657 2004 756 2046 manu
771 1991 867 2046 tenet.
904 1985 1053 2063 Sequitur
1068 1987 1167 2047 altera
1182 1991 1313 2060 armata,

144 2111 227 2170 quae
249 2090 290 2152 ad
315 2090 477 2153 sinistram
499 2091 649 2153 incedens
672 2091 812 2171 respicit;
838 2096 910 2170 post
926 2111 997 2153 eam
1013 2093 1110 2154 cassis
1129 2093 1163 2153 in
1180 2093 1316 2154 scabello

143 2197 234 2272 iacet,
259 2201 292 2258 et
313 2196 437 2274 gladius
453 2216 528 2259 cum
543 2197 648 2258 balteo
663 2219 683 2259 a
698 2197 816 2277 pariete
832 2197 999 2276 dependet.
1045 2198 1208 2260 Postremo
1224 2197 1316 2258 tertia

144 2303 254 2365 tunica
276 2302 373 2377 brevi,
409 2303 546 2377 thorace,
583 2304 680 2366 ocreis
703 2304 859 2370 instructa
882 2308 913 2364 et
935 2302 977 2363 ad
1004 2303 1167 2364 sinistram
1195 2323 1316 2383 progre-

145 2409 239 2471 diens
271 2408 350 2470 tuba
372 2409 467 2482 canit,
504 2429 665 2489 manuque
704 2410 832 2472 sinistra
869 2408 1025 2470 cassidem
1060 2413 1156 2471 tenet.
1215 2411 1263 2470 Ea
1286 2415 1318 2470 et

145 2517 280 2577 fortasse
303 2520 423 2578 ceterae
445 2515 611 2577 inauribus
635 2516 822 2594 armillaque
845 2520 974 2576 ornatae
993 2519 1081 2586 sunt;
1106 2534 1217 2577 omnes
1233 2534 1317 2594 prae-

144 2627 232 2683 tcrea
253 2621 288 2682 in
312 2621 618 2701 capitibusiascias,
654 2642 694 2683 ne
729 2622 866 2684 cassides
901 2625 1007 2681 cutem
1042 2617 1161 2694 terant,
1187 2621 1317 2681 circum·

145 2728 260 2806 ligatas
281 2727 410 2790 habent.
457 2728 497 2788 ln
524 2732 659 2806 utraque
693 2733 781 2807 parte
815 2733 864 2790 est
897 2727 1047 2788 columna
1080 2725 1197 2799 lonica,
1234 2725 1319 2787 unde

147 2834 273 2913 gladius
296 2853 371 2895 cum
394 2832 499 2894 balteo
523 2833 690 2912 dependet,
716 2854 814 2913 prope
837 2854 934 2912 quarn
959 2837 1087 2895 scutum
1109 2831 1250 2910 adparet.

191 3010 193 3014 y
236 2940 362 3020 Hydria
384 2940 507 3000 Monac.
532 2934 600 3016 42²)
627 2941 661 3000 in
689 2940 796 3001 media
823 2941 947 3019 pictura
974 2942 1116 2999 Amazon
1143 2937 1321 3016 (Αντιοπεα)

147 3051 271 3109 armata
294 3050 326 3108 et
348 3044 414 3106 alta
435 3045 566 3106 cassidis
579 3045 685 3107 crista
708 3051 818 3107 ornata
841 3050 905 3107 stat
927 3044 968 3106 ad
992 3045 1138 3106 dextram
1165 3064 1265 3117 versa,
1290 3048 1322 3104 et

147 3153 227 3215 tuba
248 3152 358 3214 canit·
390 3153 474 3212 Ante
497 3171 568 3212 eam
591 3152 692 3212 altera
712 3148 900 3232 (Ηυφοπυλε)
928 3151 969 3211 ad
999 3151 1145 3212 dextram
1172 3169 1262 3212 versa
1291 3154 1322 3210 et

148 3324 204 3379 teil.
222 3324 249 3378 d.
277 3323 349 3378 arch.
377 3323 443 3377 Inst.
471 3339 504 3376 zu
529 3323 629 3390 Athen,
655 3322 697 3385 IV,
727 3339 754 3392 p.
778 3324 839 3389 290,
867 3340 893 3377 n.
916 3322 948 3388 43
982 3321 1068 3389 Klein,
1096 3321 1204 3377 Griech.
1233 3321 1321 3375 Vascn

148 3412 198 3467 mit
216 3411 487 3479 Meistsrsiguaturen,
506 3427 532 3480 p.
555 3412 614 3478 189,
633 3427 675 3465 no.
696 3412 726 3478 23
755 3410 935 3480 Euphronics,
954 3427 981 3479 p.
1000 3412 1043 3464 36.
1088 3408 1208 3463 Kleinius
1227 3424 1322 3477 parum

148 3503 223 3555 recte
241 3498 399 3568 amphoram
416 3498 486 3553 inter
504 3513 570 3552 vasa
588 3499 654 3553 atris
673 3499 763 3569 figuris
782 3502 877 3554 ornata
894 3498 979 3567 ponit.

222 3590 243 3656 ¹)
262 3586 334 3642 Olim
352 3585 519 3656 Campanam
538 3586 608 3642 lion.
628 3587 662 3642 cd
675 3587 743 3643 Ann.
758 3586 821 3641 dell’
834 3587 908 3653 Inst,
929 3587 1006 3653 1856,
1026 3602 1052 3655 p.
1062 3586 1175 3656 37·sq.;
1194 3584 1323 3653 Weleker,

150 3676 212 3732 Alte
231 3675 419 3743 Denkmaeler,
438 3674 469 3742 V,
488 3691 514 3744 p.
534 3676 587 3730 286
605 3690 646 3745 sq.

222 3768 243 3834 ²)
262 3763 393 3839 Gerhard,
412 3763 516 3818 Auserl.
536 3762 662 3831 Vasenh,
681 3764 716 3831 ΙΙ,
735 3764 791 3819 tab.
813 3764 878 3835 1033
897 3762 1035 3832 Rapporto
1054 3759 1194 3828 Volcente,
1214 3777 1245 3830 p.
1264 3762 1325 3845 151,

151 3869 194 3907 no.
213 3852 296 3918 374*;
319 3853 390 3907 Mon.
410 3851 472 3907 dell’
490 3852 564 3920 lust,
583 3853 603 3917 1,
626 3852 681 3907 tab.
706 3852 801 3919 27‚a4;
828 3851 896 3907 Bull.
919 3851 982 3906 dell'
1004 3851 1078 3917 lust,
1109 3850 1185 3917 1829,
1213 3865 1240 3919 p.
1262 3850 1325 3916 109;

151 3942 221 3996 Anu.
240 3940 304 3995 dell’
321 3941 397 4009 Inst,
416 3941 495 4008 1836,
514 3941 571 3998 tab.
596 3939 626 4007 0,
644 3941 691 4006 13;
709 3939 844 4003 Panofka,
864 3938 966 3994 Namen
985 3939 1032 3993 der
1049 3937 1242 3993 Vasenbildner
1261 3939 1326 4005 (Ab-

152 4029 243 4084 handl.
264 4028 333 4084 Berl.
354 4028 453 4097 arad,
474 4029 554 4097 1848)
572 4028 627 4086 tab.
647 4028 666 4096 l,
686 4030 704 4084 5
722 4031 749 4083 et
767 4044 793 4097 p.
814 4029 879 4096 1653
914 4029 993 4083 Arch.
1013 4025 1087 4094 Zeit,
1111 4025 1189 4093 1884,
1214 4042 1240 4095 p.
1260 4027 1326 4093 aaa

152 4116 239 4185 Klein,
259 4115 367 4172 Griech.
387 4115 475 4172 Vasen
495 4116 544 4170 mit
562 4116 835 4191 Meistersignaturen,
853 4132 880 4187 p.
901 4117 960 4183 198,
980 4132 1023 4170 no.
1045 4116 1068 4169 1.

1132 4218 1164 4274 48
