2910 4650
668 331 867 389 ..2-

181 523 381 583 Amazonum
396 521 529 602 picturis
544 541 625 600 quae
640 521 675 583 in
689 521 774 584 vasis
789 520 941 583 fictilibus
956 520 1165 599 reperiuntur,
1190 523 1352 598 postremo

182 625 221 687 de
244 626 353 705 figuris
376 627 569 706 quibusdam
592 628 690 690 aereis
714 625 960 706 disputabimus,

754 769 782 831 Ι.

269 876 316 934 Ac
338 876 480 954 primum
503 875 633 953 quidem
656 873 800 936 fabulam
823 874 900 936 satis
922 878 1033 934 notam
1057 873 1096 933 de
1111 872 1259 934 Herculis
1275 891 1350 933 cum

181 980 396 1043 Amazonibus
418 998 526 1060 pugna
549 980 684 1043 artifices
712 980 896 1061 saepissime
929 979 1187 1042 inlustraverunt.
1246 977 1350 1057 Opera

181 1086 351 1163 quideme
374 1085 480 1166 lapide
503 1076 669 1165 exsculpta
702 1087 767 1148 tere
801 1086 890 1147 nulla
924 1090 1000 1147 sunt
1033 1085 1075 1147 ad
1097 1084 1187 1146 illam
1211 1088 1348 1144 aetatem

179 1191 353 1253 referenda.
413 1193 494 1254 Rem
528 1192 696 1272 Olympiae
732 1193 768 1253 in
800 1191 889 1255 Jovis
926 1191 1040 1272 templi
1073 1195 1202 1269 metopa
1240 1189 1348 1250 fictam

180 1312 248 1358 esse
290 1294 457 1375 scimus;¹)
492 1297 548 1360 sed
590 1317 664 1359 curn
707 1317 746 1358 ex
788 1317 826 1360 ea
866 1301 996 1376 metopa
1037 1296 1119 1358 nihil
1156 1294 1220 1357 nisi
1253 1297 1348 1356 Am-

179 1401 267 1464 zonis
300 1408 396 1483 caput
426 1407 588 1483 'repertum
616 1400 694 1482 sit‚²)
728 1404 767 1467 de
800 1403 974 1482 figurarum
1008 1402 1236 1481 compositione
1265 1400 1346 1461 nihil

180 1507 256 1568 certi
279 1507 342 1569 dici
364 1513 478 1588 potest.
536 1509 645 1587 Neque
673 1510 903 1589 praetereunda
936 1513 984 1571 est
1005 1527 1103 1589 parva
1125 1508 1227 1586 figura
1245 1525 1347 1586 nuper

178 1612 315 1676 Athenis
351 1615 386 1675 in
422 1633 493 1676 arce
530 1614 660 1678 inventa
693 1621 725 1677 et
758 1610 832 1678 ante
866 1615 987 1677 bellum
1016 1615 1192 1688 Persarum,
1228 1617 1266 1674 ut
1303 1611 1347 1674 vi·

179 1717 289 1796 detur,
310 1719 404 1797 facta,
440 1739 538 1799 quam
568 1715 781 1800 Kavvadias⁸)
814 1741 872 1801 pro
895 1723 1056 1782 Amazone
1082 1720 1189 1782 habet.
1225 1717 1348 1779 Tunica

160 1819 266 1887 ⁴brevi
289 1831 321 1886 et
342 1826 425 1906 pelle
446 1825 562 1888 vestita
584 1831 704 1889 statum
728 1827 820 1905 quasi
843 1826 997 1904 sagittarii
1012 1826 1118 1888 habet.
1152 1825 1256 1886 Simul
1272 1843 1345 1885 cum

178 1948 216 1991 ea
238 1935 334 2010 caput
356 1931 525 1993 barbatum
549 1931 667 2010 figurae
690 1933 833 1994 eiusdem
855 1931 1087 2011 magnitudinis
1107 1935 1269 2010 repertum
1284 1933 1346 2008 est;

179 2034 265 2112 quod
287 2036 394 2098 nescio
416 2056 458 2097 an
481 2036 523 2097 ad
544 2036 631 2098 idem
655 2058 735 2117 opus
758 2039 959 2100 referendum
983 2038 1034 2112 sit,
1057 2038 1093 2098 in
1116 2056 1179 2116 quo
1194 2035 1261 2099 veri
1281 2055 1347 2096 non

178 2140 332 2203 dissimile
354 2141 481 2206 videtur
502 2142 650 2205 Herculis
678 2163 820 2224 pugnam
847 2145 1050 2206 inlustratum
1073 2144 1181 2218 fuisse,
1210 2140 1345 2222 praeser-

177 2246 238 2308 tim
267 2266 341 2308 cum
369 2247 485 2310 eodem.
508 2268 617 2310 mense
644 2249 708 2310 alia
730 2249 772 2311 ad
794 2249 942 2312 Herculis
965 2249 1057 2324 athla
1075 2248 1267 2328 pertinentia
1288 2247 1345 2308 ibi-

176 2350 260 2413 dem
273 2357 397 2431 reperta
419 2347 521 2432 sint.⁴)
593 2396 597 2403 -

264 2459 427 2520 Praeterea
440 2459 613 2523 Pausanias
632 2461 683 2539 (V,
701 2457 811 2539 sall)
830 2460 928 2523 tradit
950 2461 1140 2521 Zanclaeum
1164 2461 1343 2538 Euagoram

176 2563 347 2626 Herculem
375 2583 450 2627 cum
472 2567 633 2628 Amazone
655 2567 793 2645 equestri
816 2565 855 2627 de
878 2565 1004 2645 cingulo
1026 2571 1233 2647 pugnantem,
1263 2583 1343 2644 opus

176 2668 340 2733 Aristoclis
356 2670 550 2750 Cydoniatis,
575 2673 743 2752 Olympiae
766 2671 970 2736 dedicavisse.
1010 2672 1095 2733 Dicit
1116 2671 1203 2733 idem
1227 2672 1343 2749 figuras
1407 2658 1410 2664 ⁵

71 2785 73 2790 '
175 2776 378 2855 perantiquae
412 2797 489 2852 esse,
525 2778 564 2838 de
592 2783 694 2840 aetate
717 2783 825 2840 autem
848 2797 958 2840 earum
982 2798 1015 2841 se
1041 2777 1124 2838 nihil
1158 2777 1245 2851 scire,
1281 2776 1343 2838 nisi

175 2881 261 2959 quod
284 2886 357 2942 ante
379 2902 498 2944 nomen
518 2884 698 2946 Messanam
720 2883 839 2964 oppido
855 2884 987 2946 Zanclae
1009 2883 1122 2945 datum
1146 2887 1343 2945 consecratae

175 3005 241 3048 esse
264 2986 441 3050 videantur.
498 2988 592 3060 Quod
625 3009 744 3051 nomen
775 2989 894 3070 oppido
920 2990 1039 3050 indidit
1060 2989 1224 3062 Anaxilas,
1259 2992 1341 3067 post·

175 3110 273 3170 quam
296 3092 430 3169 Samios,
455 3094 510 3173 qui
539 3114 623 3156 anno
645 3092 713 3158 494
739 3077 847 3156 locum
870 3099 1109 3175 occupaverant,
1134 3094 1271 3175 expulit;
1307 3094 1343 3154 id
1416 3120 1420 3125 ·

174 3201 283 3259 autem
306 3198 428 3262 circiter
450 3219 534 3261 anno
558 3199 633 3276 490,
657 3205 694 3262 ut
715 3200 850 3276 videtur,
860 3196 883 3279 ⁵)
911 3200 979 3264 sine
1002 3200 1100 3262 dubio
1123 3207 1197 3262 ante
1220 3220 1342 3262 annum

174 3300 236 3366 481
246 3296 271 3382 ⁶)
292 3303 378 3368 lecit.
424 3307 468 3368 At
493 3305 619 3368 videtur
645 3306 727 3368 illud
754 3306 820 3370 sive
842 3307 1015 3370 Pausanias
1044 3308 1112 3386 ipse
1140 3308 1206 3369 sive
1233 3311 1342 3368 auctor

173 3426 271 3489 quern
293 3415 420 3474 secutus
447 3419 557 3474 estex
580 3431 617 3474 eo
640 3412 820 3488 coniecisse,
854 3413 940 3492 quod
963 3414 1123 3492 Euagorae
1150 3413 1185 3474 in
1212 3413 1341 3491 inscrip-

244 3599 254 3632 l

197 3647 212 3738 ῑγ7
242 3600 270 3755 ²}
283 3598 500 3760 maiixii
514 3706 546 3744 zu
564 3689 696 3764 Olympia,
715 3690 759 3760 IV,
777 3689 843 3747 Tab.
864 3691 927 3746 l3A
945 3693 973 3746 et
990 3706 1037 3762 pp.
1056 3692 1091 3747 12
1109 3693 1136 3746 et
1154 3691 1189 3747 28
1208 3705 1250 3760 sq.

243 3778 265 3842 ⁸)
285 3776 395 3846 Δελτίον,
415 3778 493 3847 1888,
511 3794 538 3848 p.
557 3779 601 3834 82.

243 3864 266 3935 ⁴)
285 3864 470 3936 Mitteilungeu
481 3867 536 3921 des
553 3866 621 3926 laia.
635 3866 755 3922 deutsoh.
769 3868 841 3924 arch.
855 3866 984 3936 Instituta,
1003 3867 1168 3940 Athenischc
1187 3866 1340 3936 Abteilung,

173 3953 463 4114 18‘828.;)piif}0'13i1u0yd0
480 4040 525 4111 Vl,
542 4042 595 4112 4,6,
614 4045 644 4096 οὐ
664 4043 750 4116 πολλῷ
766 4044 874 4116 ὕστερον
892 4046 1014 4113 ἐκβαλών.

242 4129 263 4199 ⁸)
283 4128 323 4184 of.
343 4127 417 4186 Steiu
435 4129 469 4183 ad
490 4129 552 4186 Hdt.
570 4131 626 4200 Vll,
647 4133 706 4188 164.
752 4166 766 4175 --
