2910 4650
612 307 832 377 -81-

226 507 270 587 (3)
293 511 436 569 Amazon
459 511 613 586 equestris
637 530 711 572 oum
734 512 836 572 milite
860 512 998 591 pedestri
1021 511 1202 592 proeliatur.

227 616 337 676 Patera
359 614 437 675 olim
461 615 700 694 Magnonoourii
724 613 812 696 56¹):
853 618 891 679 de
920 619 1018 680 altero
1041 619 1124 682 vasis
1147 620 1244 680 latere
1267 620 1307 680 ol.

136 742 242 803 supra,
267 743 298 802 p.
324 717 376 784 63.
425 766 428 771 -
1384 786 1396 803 ‚

226 828 295 906 (3a)
321 828 445 907 Figuris
480 829 543 890 illis
572 829 693 891 accedit
726 830 761 891 in
788 836 923 909 utraque
957 836 1047 911 parte
1074 831 1123 894 vir
1149 832 1308 910 palliatus,

137 935 193 1014 qui
216 954 358 1015 pugnam
381 940 511 1014 spectat.

226 1041 386 1120 Lecythus
409 1042 603 1104 Wilkinsoni
626 1041 668 1105 32
677 1037 712 1126 2);
737 1045 880 1105 Amazon
903 1045 937 1104 in
960 1044 1033 1105 albo
1057 1065 1138 1124 equo
1162 1043 1258 1107 sedet.

227 1146 272 1226 (4)
295 1150 438 1208 Amazon
462 1149 615 1226 equestris
638 1149 776 1210 militem
799 1149 976 1228 fugientem
998 1150 1185 1229 insequitur.

227 1253 393 1332 Amphora
418 1254 453 1315 in
476 1275 587 1317 museo
610 1255 752 1317 Parisino
783 1248 949 1334 servata³):
986 1257 1078 1319 miles
1102 1256 1143 1317 ad
1167 1257 1312 1318 dextram

137 1361 207 1422 iens
229 1359 366 1439 respicit;

227 1462 275 1545 (5)
300 1467 443 1528 Amazon
466 1467 619 1545 equestris
642 1473 716 1529 ante
739 1468 876 1528 militem
900 1467 940 1528 ad
965 1467 1111 1529 dextram
1134 1469 1224 1546 fugit.

230 1571 399 1634 Oenochoa
421 1573 456 1633 in
479 1573 611 1635 Graecia
632 1578 765 1653 reperta,
790 1593 875 1634 nuno
898 1574 933 1633 in
956 1593 1066 1635 museo
1089 1574 1231 1635 Parisino
1255 1593 1313 1634 ser·

138 1682 227 1740 vata:
253 1679 396 1738 Amazon
419 1677 460 1738 ad
483 1679 608 1740 hostem
631 1678 767 1759 respicit.

230 1782 272 1861 (r)
295 1784 380 1845 Vasa
403 1784 510 1845 Attica
532 1785 636 1846 rubris
659 1785 768 1862 figuris
792 1786 892 1847 severi
915 1785 1036 1863 generis
1060 1791 1183 1847 ornata:

232 1889 345 1950 Celebe
373 1890 553 1971 Campanae
589 1891 640 1964 82,
677 1911 763 1953 nuno
797 1891 832 1952 in
866 1911 977 1953 museo
1004 1892 1146 1953 Parisino
1176 1897 1312 1954 servata:

139 1999 285 2057 Amazon
309 1997 462 2074 equestris
486 1997 527 2057 ad
551 1997 697 2058 dextram
720 2018 810 2059 versa
833 2003 864 2058 et
888 1999 997 2059 tunica
1012 1998 1109 2071 brevi,
1135 1998 1313 2077 chlamyde,

139 2103 260 2180 caligis,
287 2102 409 2164 casside
433 2104 527 2165 crista
542 2105 631 2164 nulla
647 2109 766 2178 ornata,
792 2104 877 2182 pelta
900 2104 934 2165 in
951 2109 1036 2182 tergo
1052 2105 1165 2183 posita,
1191 2105 1316 2166 dualnrs

139 2209 243 2271 hastis
266 2209 422 2270 instructa
448 2210 483 2270 in
511 2229 576 2271 uno
599 2210 682 2272 vasis
709 2210 806 2271 latere
830 2208 956 2288 depicta
979 2217 1040 2282 est;
1077 2231 1173 2290 prope
1197 2230 1316 2288 equum

139 2335 191 2377 res
214 2335 330 2394 parum
354 2315 438 2376 clara
460 2315 600 2393 (scutum
623 2317 674 2378 vel
696 2316 816 2395 pelta‘l)
839 2316 979 2395 adparet.
1027 2317 1067 2377 In
1094 2318 1192 2392 altero
1220 2318 1317 2377 latere

140 2422 267 2484 iuvenis
290 2421 406 2498 nudus,
431 2422 493 2484 nisi
517 2422 604 2502 quod
626 2423 660 2482 in
675 2422 823 2483 bracchio
840 2422 968 2483 sinistro
984 2423 1101 2503 pellem
1118 2429 1149 2483 et
1164 2424 1198 2483 ia
1215 2423 1317 2502 capite

141 2529 277 2609 pilleum
305 2528 466 2606 quendam
494 2529 600 2602 habet,
636 2527 677 2589 ad
706 2518 869 2590 sinistram
897 2548 1033 2603 currens,
1070 2535 1106 2590 ut
1140 2549 1255 2590 saxum
1284 2529 1318 2588 in

143 2637 340 2696 Amazonem
368 2633 471 2708 iaciat,
508 2654 541 2695 se
570 2635 732 2695 convertit.
781 2634 869 2707 Quae
904 2636 1022 2712 figurae
1057 2635 1124 2697 sine
1154 2635 1252 2695 <lubio
1284 2635 1318 2694 in

143 2762 244 2803 unam
268 2741 427 2821 picturam
451 2741 689 2818 coniungendae
713 2747 797 2802 sunt.

232 2849 344 2910 Patere
368 2847 548 2926 Campanae
573 2847 647 2919 642,
673 2867 758 2907 nunc
781 2848 815 2907 in
839 2868 949 2910 museo
966 2847 1107 2911 Parisino
1115 2842 1151 2926 ⁴):
1177 2850 1319 2908 Amazon

143 2955 299 3035 equestris
326 2954 457 3015 mitrata
491 2954 532 3015 ad
561 2953 707 3014 dextram
730 2973 820 3014 versa
855 2954 995 3034 hoplitae
1023 2954 1155 3016 adverso
1183 2955 1318 3028 obsistit,

144 3063 201 3140 qui
224 3065 353 3124 scutum
369 3061 517 3122 bracchio
534 3060 661 3122 sinistro
678 3059 853 3138 protendit;
879 3060 1021 3138 sequitur·
1037 3061 1151 3123 similis
1169 3064 1318 3135 Amazon,

144 3188 290 3230 mamma
317 3168 445 3230 sinistra
473 3165 610 3240 nudata,
645 3185 725 3244 quae
760 3166 886 3228 hastam
919 3168 952 3226 in
988 3167 1124 3228 militem
1152 3168 1321 3230 adversum

144 3274 298 3346 intendit;
323 3278 484 3354 postremo
501 3273 682 3350 sagittarius
702 3273 853 3335 barbatus
869 3278 900 3333 et
915 3274 1053 3352 hoplites
1069 3293 1102 3334 se
1119 3273 1159 3334 ad
1176 3273 1320 3333 dextram

145 3402 162 3442 e
186 3401 295 3461 pugna
316 3380 483 3459 recipiunt.

242 3486 366 3559 Quibus
379 3486 418 3546 de
435 3486 568 3566 picturis
586 3486 725 3547 dubitari
740 3490 854 3564 potest,
868 3506 909 3545 an
926 3505 1074 3561 magnam
1087 3483 1176 3543 illam
1191 3483 1323 3545 Miconis

150 3620 364 3628 ————.

221 3700 240 3765 ¹)
260 3696 300 3750 De
319 3696 408 3762 Witte,
427 3694 597 3764 Description
618 3695 665 3747 des
684 3709 763 3748 vases
783 3693 871 3763 peints
890 3695 918 3746 et
936 3691 985 3746 des
1004 3693 1118 3746 bronzes
1137 3691 1260 3761 antiques
1279 3692 1324 3761 qui

147 3788 307 3855 composeut
326 3785 353 3839 la
372 3783 514 3838 collection
533 3782 566 3837 de
586 3783 621 3838 M.
641 3782 674 3836 de
694 3781 779 3850 Μ***,
797 3782 867 3848 Par,
886 3781 964 3834 1839.

220 3876 242 3942 ²)
261 3874 337 3941 Torr,
356 3873 374 3927 l.
394 3872 410 3927 l.

221 3963 243 4029 ⁸)
262 3961 408 4032 Millingen,
428 3962 494 4016 Ano.
514 3960 599 4015 Uued.
620 3960 699 4026 Mon,
718 3959 772 4014 tab.
792 3959 835 4015 38.

221 4051 242 4114 ⁴)
262 4050 349 4117 Klein,
369 4048 476 4105 Griech.
496 4049 586 4104 Vasen
606 4049 654 4102 mit
673 4048 943 4117 Meistersignaturen,
970 4062 994 4114 p.
1014 4045 1058 4110 93,
1076 4060 1120 4099 no.
1141 4020 1182 4099 16.
1220 4045 1327 4099 Pictura

149 4138 178 4193 in
197 4137 282 4192 altero
301 4141 412 4208 paterae
430 4137 514 4191 latere
533 4136 567 4191 ad
588 4139 737 4191 Amazones
756 4152 811 4190 non
829 4133 971 4190 referenda
989 4133 1101 4203 videtur.

1133 4242 1149 4293 6
