2910 4650
611 317 832 384 -302-

135 535 245 577 arcum
268 520 301 578 et
315 514 464 594 sagittam
474 519 586 577 tenens
609 532 703 594 super
718 532 832 593 corpus
850 513 1026 592 Cydoemes
1040 513 1162 592 (inser.)
1186 533 1320 594 progre-

136 620 232 696 ditur,
256 639 338 699 quae
361 621 476 700 supina
498 620 615 683 cadens
638 638 737 681 manu
759 619 888 681 sinistra
909 619 1036 691 nititur;
1066 618 1096 679 ei
1118 619 1322 698 sanguinem

137 746 155 788 e
187 726 290 789 tribus
323 726 508 789 vulneribus
541 725 690 788 fundenti
728 725 812 787 oculi
846 729 948 786 morte
982 724 1158 787 solvuntur.
1213 724 1321 788 Cuius
1369 694 1371 721 Ι

136 832 226 894 nulla
246 831 368 895 ratione
390 832 510 906 habita,
534 832 627 894 heros
638 831 842 911 Hypsipylen
865 835 897 891 et
912 830 1032 892 Thraso
1055 829 1192 910 (incorr.)
1221 831 1318 912 petit,

137 957 218 1016 quae
245 938 344 999 altera
365 937 457 999 iuxta
479 937 612 999 alteram
635 942 755 999 stantes
776 937 885 999 hastas
908 935 937 997 ei
960 935 1135 1009 intentans
1160 942 1241 1016 post
1266 957 1320 1000 eas

136 1043 278 1125 'Pisipyle
300 1043 419 1122 (inser.)
441 1043 553 1119 bracis,
582 1048 668 1106 veste
691 1043 860 1117 manicata,
885 1041 1006 1105 casside
1030 1041 1206 1117 Corinthia,
1239 1043 1320 1124 pha·

137 1154 220 1211 retra
253 1149 409 1211 instructa
446 1153 478 1210 et
511 1148 552 1210 ad
586 1148 748 1211 sinistram
782 1167 873 1211 versa
905 1148 1054 1226 sagittam
1076 1149 1112 1209 in
1134 1149 1319 1212 Herculem

137 1255 246 1316 mittit.
293 1255 368 1317 Post
408 1254 580 1315 Herculem
618 1255 771 1316 Telamon
792 1254 911 1332 (inser.)
944 1253 986 1314 ad
1013 1253 1176 1316 sinistram
1199 1274 1318 1319 versus

137 1361 240 1422 Toxin
287 1360 406 1438 (inser.)
450 1360 516 1421 iam
560 1359 663 1422 tribus
707 1361 784 1422 locis
840 1359 1040 1421 vulneratam
1084 1358 1192 1438 gladio
1248 1381 1318 1441 per·

136 1466 230 1538 cutit3
282 1485 320 1528 ea
373 1465 521 1544 Scythica
565 1469 653 1528 veste
701 1464 845 1546 praedita
889 1465 1006 1545 supina
1050 1464 1144 1540 cadit,
1206 1467 1318 1547 capite

137 1572 179 1633 ad
201 1571 363 1635 sinistram
385 1576 511 1633 retorto.
557 1573 604 1633 De
627 1571 844 1633 altero-latere
867 1571 907 1632 cf.
932 1570 1025 1645 inira,
1050 1591 1081 1650 p.
1106 1566 1159 1632 55.

224 1679 366 1739 Paterae:
402 1678 503 1738 Berol.
528 1671 659 1756 2263¹):
695 1677 848 1739 Hercules
875 1676 992 1755 (inser.)
1025 1676 1169 1755 gladium
1199 1678 1321 1742 dextra

136 1792 247 1847 teneus
282 1776 476 1844 Amazonem
500 1783 675 1862 fugientem
708 1782 916 1862 persequitur,
955 1802 1036 1861 quae
1070 1783 1250 1862 respiciens
1286 1805 1320 1848 se

136 1891 223 1971 pelta
244 1894 347 1968 tegere
381 1894 521 1951 conatur.
568 1890 677 1950 Altera
699 1892 841 1949 Amazon
870 1889 1018 1968 Scythica
1051 1893 1137 1952 veste
1165 1891 1322 1967 praedita

137 1997 234 2059 etiam
258 1994 300 2057 ad
323 1996 467 2057 dextram
492 2014 619 2056 currens
653 1994 790 2074 respicit,
826 2001 857 2057 et
891 1995 1038 2074 sagittam
1072 1995 1108 2056 in
1135 1995 1320 2060 Herculem

137 2103 247 2165 mittit.
264 2103 352 2164 Inter
363 2101 431 2163 eius
442 2101 539 2181 pedes
551 2120 668 2162 nomen
681 2101 919 2163 Andromaches
931 2101 1086 2181 scriptum
1098 2105 1154 2175 est,
1169 2103 1267 2179 quod
1279 2104 1322 2166 ad

136 2210 276 2290 primam
282 2211 476 2270 Amazonem
488 2207 644 2286 pertinere
654 2207 789 2269 aliarum
799 2208 997 2287 picturarum
1009 2207 1194 2287 conparatio
1209 2208 1320 2272 docet.

137 2317 212 2377 Post
231 2315 403 2377 Herculem
417 2313 553 2393 Lycopis
576 2332 593 2374 e
616 2332 724 2399 pugna
746 2313 856 2375 abiens
878 2314 1015 2394 respicit.
1051 2314 1091 2374 In
1104 2313 1206 2376 altero
1227 2317 1322 2380 vasis

137 2423 234 2484 latere
256 2421 363 2483 Iolaus
385 2419 503 2497 (inser.)
530 2419 564 2480 in
588 2438 716 2481 currum
750 2420 905 2492 ascendit;
930 2418 987 2481 sed
1009 2420 1089 2504 duas
1111 2419 1262 2497 picturas
1286 2423 1323 2484 in

137 2547 237 2589 unam
264 2524 499 2604 coniungendas
526 2544 602 2600 esse,
627 2525 714 2604 quod
744 2525 977 2603 Frutwaengler
1002 2528 1104 2605 putat,
1128 2523 1185 2586 vix
1207 2529 1320 2591 credo.

226 2633 361 2696 Londin.
382 2633 410 2693 Ε
427 2630 467 2694 51
485 2625 616 2710 (820)²):
641 2631 794 2693 Hercules
806 2629 925 2711 (inser.)
950 2632 1039 2693 clava
1050 2629 1322 2697 Andromacham

136 2740 255 2819 (inscr.)
278 2758 425 2801 caesurus
448 2742 504 2812 est,
535 2756 632 2816 quam
656 2737 784 2800 sinistra
805 2757 905 2799 manu
932 2718 1184 2818 conprehensam
1214 2743 1320 2803 tenet.

137 2848 185 2908 Ea
208 2846 249 2908 ad
271 2845 433 2908 sinistram
456 2863 546 2906 versa
573 2849 604 2905 et
631 2862 713 2921 genu
736 2844 813 2904 nixa
836 2844 950 2923 supina
973 2843 1067 2916 cadit,
1103 2841 1322 2926 gladiumque

138 2973 155 3014 e
182 2951 296 3030 vagina
317 2950 434 3012 educit.
468 2950 572 3022 Quam
596 2949 694 3011 altera
715 2951 858 3011 Amazon
880 2950 973 3012 hasta
994 2950 1118 3010 intenta
1140 2948 1321 3014 defendere

138 3064 280 3121 conatur,
326 3057 365 3117 In
392 3056 491 3118 altera
512 3055 654 3134 picturae
676 3059 766 3135 parte
788 3055 899 3137 Hippo
921 3051 1048 3133 (HIIIO)
1082 3054 1123 3116 ad
1147 3053 1319 3120 sinistram

138 3183 227 3226 versa
249 3183 267 3224 e
289 3181 397 3241 pugna
419 3161 545 3223 recedit.
592 3160 685 3233 Quod
708 3161 768 3222 hoc
784 3181 901 3223 nomen
924 3161 966 3223 ad
980 3161 1140 3241 picturam
1161 3160 1197 3221 in
1214 3163 1320 3226 altero

138 3270 222 3334 vasis
243 3269 341 3330 latere
363 3267 483 3348 pictam
507 3267 602 3327 refert
624 3261 849 3345 Petersenus³),
879 3286 981 3345 nugae
1002 3265 1070 3330 viro
1094 3266 1187 3327 docto
1210 3267 1320 3349 indig-

137 3394 198 3438 nae
221 3380 305 3438 sunt.
351 3375 398 3434 Dc
432 3393 470 3434 ea
491 3373 625 3455 pictura,
656 3391 737 3452 quae
760 3392 834 3434 cum
857 3374 981 3452 pictura
1003 3372 1150 3434 Herculis
1185 3393 1320 3453 pugnae

137 3481 192 3545 vix
215 3486 298 3543 recte
321 3479 531 3558 coniungitur,
556 3484 588 3540 et
611 3479 649 3539 de
672 3479 766 3540 tertia
776 3479 901 3559 pictura
923 3480 963 3540 ct.
981 3479 1073 3552 infra,
1098 3498 1152 3558 pp.
1177 3474 1232 3553 56,
1260 3480 1318 3546 75.

140 3621 352 3630 ——n-

210 3690 230 3756 ¹)
248 3687 381 3757 Principis
394 3687 498 3743 (lanino
517 3688 583 3754 7983
602 3685 733 3754 Gerhard,
752 3687 892 3756 Rapporto
907 3684 1045 3752 Volcente,
1064 3703 1091 3754 p.
1108 3685 1171 3752 151,
1190 3702 1235 3740 no.
1246 3687 1320 3757 374;

137 3777 269 3844 Gerhard,
288 3775 390 3831 Auserl.
406 3775 531 3843 Vasenb,
550 3776 582 3843 II,
602 3791 629 3845 p.
645 3776 694 3841 613
713 3774 792 3842 Jahn,
812 3774 922 3828 Dichter
941 3772 990 3827 auf
1006 3772 1191 3840 Vascnbilder,
1210 3790 1238 3843 p.
1251 3775 1319 3843 756,

137 3883 181 3922 no.
199 3867 230 3932 23
259 3864 346 3931 Klein,
365 3862 473 3919 Griech.
492 3863 581 3918 Vasen
599 3862 647 3916 mit
666 3863 938 3935 Meistersignaturcn‚
958 3879 984 3932 p.
1005 3863 1064 3929 122,
1084 3879 1127 3916 no.
1147 3862 1195 3926 16;
1226 3862 1320 3935 Klein,

136 3953 243 4010 (triech.
262 3951 352 4007 Vasen
370 3952 419 4006 mit
437 3951 681 4021 Lieblingsinschr.‚
702 3969 727 4021 p.
747 3953 790 4006 34.

208 4045 230 4109 ²)
248 4040 370 4096 Durandi
387 4040 448 4095 293.

209 4126 493 4201 ³)Ann.dcll’1nst.,
513 4127 590 4196 1884,
608 4146 636 4199 p.
657 4129 718 4184 276.
