2910 4650
678 334 886 399 „gg-

197 534 264 594 sine
288 532 385 594 dubio
409 533 442 593 in
467 532 546 593 duas
568 532 709 611 picturas
732 532 922 594 dividendae
946 536 1029 605 sunt,
1053 532 1099 592 ita
1122 532 1215 592 utin
1239 551 1308 591 uno
1332 531 1371 590 le·

197 643 261 699 tere
278 639 432 699 Bacchica
444 639 576 718 pictura,
590 639 624 698 in
637 638 734 700 altero
754 639 861 703 nescio
873 659 913 699 an
926 658 1034 718 pugna
1045 637 1176 699 deorum
1201 641 1234 698 et
1257 636 1372 714 Gigan-

198 751 267 806 tum
293 746 342 806 sit.
390 745 472 807 Nam
489 764 630 824 pugnarn
647 766 721 807 curn
744 747 906 807 Amazone
929 765 949 805 a
975 744 1043 805 viro
1071 744 1266 806 conmissam
1291 743 1374 804 inter

199 850 329 911 deorum
347 853 462 929 figuras
478 852 615 931 positam
640 871 706 913 esse
722 853 787 914 veri
810 851 965 914 dissimile
981 856 1038 914 est.
1083 851 1230 914 Fortasse
1253 850 1373 927 figurae

199 956 320 1035 aliquid
344 958 478 1018 relectae
501 963 585 1019 sunt.

289 1065 401 1125 Celebe
426 1064 607 1144 Campanae
631 1062 706 1138 972,
736 1084 821 1125 nunc
855 1065 890 1125 in
914 1084 1025 1126 museo
1060 1062 1202 1126 Parisino
1231 1067 1372 1124 servata:

200 1171 321 1231 femina
354 1170 463 1231 tunica
485 1169 582 1244 brevi,
618 1170 725 1244 ocreis,
761 1170 891 1245 casside,
928 1171 1042 1248 gladio,
1083 1174 1181 1243 scuto,
1217 1169 1306 1247 quod
1340 1168 1375 1228 in

201 1284 286 1354 tergo
310 1277 398 1353 gerit,
423 1276 577 1338 inst-ructa
600 1278 635 1337 in
659 1296 786 1338 currum
810 1277 852 1337 ad
887 1276 1032 1338 dextram
1059 1296 1185 1338 versum
1219 1275 1375 1348 ascendit,

200 1384 267 1444 lora
290 1381 440 1443 manibus
463 1387 583 1444 tenens.
630 1382 730 1462 Prope
754 1387 829 1443 sunt
851 1383 970 1462 lyricen
993 1382 1132 1462 (Apollo)
1155 1388 1186 1444 et
1209 1382 1270 1443 dea
1293 1401 1377 1443 coro·

201 1510 276 1550 nam
301 1494 425 1561 tenens;
451 1493 524 1550 ante
548 1510 645 1568 equos
668 1493 716 1550 est
738 1489 922 1564 Mercurius,
946 1489 1002 1568 qui
1025 1488 1072 1550 ad·
1090 1489 1259 1568 quadrigas
1281 1488 1377 1567 respi-

202 1596 255 1656 cit.
302 1596 391 1666 Quae
414 1596 539 1675 pictura
561 1596 602 1657 ad
626 1596 803 1663 Minervam
827 1596 991 1658 referenda
1014 1615 1082 1658 esse
1104 1596 1239 1669 videtur,
1265 1615 1378 1673 quam·

203 1722 299 1781 quam
324 1703 466 1762 Minerva
489 1701 575 1763 brevi
610 1702 718 1763 tunica
752 1702 866 1764 vestit-a
898 1723 998 1781 paene
1031 1701 1177 1764 inaudita
1211 1706 1273 1774 cst3
1300 1721 1380 1762 nam

204 1811 347 1869 Amazon
370 1808 453 1869 inter
476 1808 551 1870 deos
574 1808 634 1869 hoc
658 1808 754 1869 modo
777 1808 881 1887 posita
903 1828 971 1870 esso
993 1809 1114 1888 nequit.

292 1914 517 1992 Hydriaolim
540 1914 692 1994 principis
717 1915 851 1975 Canino:
864 1909 884 1993 ¹)
907 1915 1031 1994 pictura
1053 1916 1086 1976 in
1110 1911 1271 1994 superiore
1288 1920 1378 1994 parta

203 2020 308 2099 posita
345 2019 386 2080 ad
420 2039 562 2099 pugnam
597 2020 729 2081 dearum
763 2028 794 2082 et
829 2022 1003 2099 Gigantum
1037 2021 1201 2083 referenda
1235 2021 1375 2092 videtur3

205 2128 320 2204 figuras
344 2127 429 2187 enim
456 2128 632 2187 Amazones
666 2148 731 2188 non
766 2148 832 2190 esse
863 2128 938 2189 inde
962 2127 1102 2207 adparet,
1136 2127 1222 2206 quod
1250 2128 1377 2189 tunicas

205 2235 314 2311 longas
338 2232 468 2293 indutae
491 2237 575 2294 sunt.

295 2340 463 2400 Oenochoa
492 2341 614 2400 Monac.
654 2337 734 2401 357:
804 2342 947 2402 Amazon
985 2341 1095 2402 tunica
1132 2340 1230 2414 brevi,
1271 2341 1377 2413 mitra,

206 2446 363 2524 pharetra,
387 2446 479 2505 hasta
502 2445 656 2507 instructa
678 2447 712 2506 in
736 2446 860 2525 pictura
883 2447 1017 2510 Achillis
1032 2448 1176 2509 Troilum
1192 2467 1378 2527 persequen-

208 2552 249 2613 tis
288 2553 395 2613 locum
433 2552 619 2613 Priameidis
657 2552 793 2625 obtinet;
838 2553 925 2631 quod
971 2554 1116 2616 relectori
1163 2553 1271 2615 deberi
1315 2552 1380 2615 veri

207 2658 310 2719 simile
334 2662 390 2720 est.

297 2765 379 2844 Olpa
401 2765 507 2826 Turici
530 2765 564 2825 in
587 2764 809 2844 polytechnico
838 2761 1007 2844 servara12)
1041 2766 1143 2843 figura
1176 2767 1306 2827 mitrata
1340 2766 1381 2826 ab

209 2891 290 2950 equo
313 2871 354 2932 ad
378 2871 540 2932 sinistram
563 2890 652 2931 verso
676 2870 785 2932 cadere
808 2870 942 2933 videtur.
992 2873 1081 2943 Quae
1101 2872 1202 2950 figura
1213 2873 1382 2933 Bluemne·

84 2974 87 2978 ’
207 2997 261 3038 rus
290 2977 416 3038 dubitat
439 2998 479 3037 an
503 2980 645 3038 Amazon
669 2997 733 3038 non
757 2977 807 3051 sit,
840 2976 990 3057 idemque
1012 2999 1069 3040 vas
1092 2980 1228 3041 Athenis
1257 2980 1381 3040 facturn

208 3103 272 3144 non
296 3103 363 3144 esse
386 3088 492 3162 putat;
517 3083 634 3161 quibus
657 3083 696 3143 de
719 3084 813 3145 rebus
836 3104 893 3162 ego
916 3085 998 3145 nihil
1021 3085 1136 3146 certius
1160 3085 1233 3146 scic.

298 3189 444 3268 Lecythi:
469 3189 546 3249 olim
576 3184 891 3271 Fauveliizhn'figura
925 3191 1034 3252 tunica
1068 3190 1164 3265 brevi,
1201 3191 1382 3269 chlamyde,

209 3302 308 3371 scuto,
334 3295 455 3358 casside
477 3296 593 3357 humili
617 3295 712 3357 crista
734 3300 853 3370 ornata,
870 3297 963 3359 hasta
977 3298 1133 3359 instructa
1148 3301 1211 3358 stat
1232 3296 1272 3357 ad
1293 3297 1382 3359 sinis·

209 3409 292 3465 tram
316 3424 417 3475 versa;
443 3423 540 3482 quam
564 3402 732 3465 adversum
756 3403 854 3464 altera
876 3404 977 3481 figura
997 3404 1106 3466 tunica
1121 3403 1218 3477 brevi,
1243 3404 1382 3479 thorace,

284 3630 302 3698 ¹)
322 3629 363 3684 De
383 3631 469 3699 Witte,
488 3631 658 3701 Description
678 3631 758 3685 d'une
776 3630 836 3687 coll.
856 3630 890 3685 de
908 3646 986 3684 vases
1014 3631 1103 3700 points
1130 3633 1158 3684 et
1177 3630 1291 3685 bronzes
1315 3631 1383 3684 anti-

211 3735 278 3789 ques
297 3723 446 3789 provenant
465 3721 513 3775 des
532 3720 638 3774 fouilles
656 3720 690 3774 de
709 3719 841 3786 l’Etrurie,
859 3719 928 3783 Pac,
950 3720 1027 3787 1837,
1046 3736 1090 3774 no,
1112 3721 1170 3774 126.

282 3811 303 3876 ²)
322 3809 471 3876 Bluemner,
490 3808 541 3863 Die
559 3808 691 3863 archaeol.
712 3807 868 3879 Sammlung
896 3839 929 3848 -
959 3838 992 3848 -
1021 3825 1052 3863 zu
1072 3807 1192 3876 Zuerich,
1211 3808 1284 3875 Tur,
1305 3809 1384 3875 1881,

211 3898 442 3969 pffimffi

283 3989 304 4055 ³)
324 3985 507 4056 Stackelberg‚
526 3984 644 4041 Graeber
662 3985 709 4040 der
726 3985 866 4054 Hellenen,
886 3987 941 4042 tab.
957 3987 999 4053 11,
1022 3991 1049 4052 1·,
1070 3984 1217 4053 Overbeclr,
1236 3984 1306 4041 Gall.
1327 3987 1383 4041 her.

211 4064 315 4143 Bildw,
332 4076 387 4131 tab.
407 4077 449 4143 16,
470 4076 504 4129 13
523 4077 550 4129 et
567 4091 594 4145 p.
614 4075 676 4146 3173
696 4075 795 4143 Brunn,
814 4074 943 4130 Troische
963 4073 1101 4130 Miscellen
1121 4073 1282 4146 (Sitzungsb.
1297 4075 1345 4130 der
1357 4074 1384 4129 k.

212 4167 287 4237 hayr.
308 4164 402 4232 llud,
423 4163 595 4234 phil-philol.
610 4163 712 4230 Classe,
734 4165 821 4233 1868),
840 4181 866 4233 p.
887 4165 947 4232 225,
968 4179 1009 4233 sq.
