2910 4650
656 340 864 410 ..144

261 541 391 621 Neapol.
424 537 525 603 2465:
561 541 714 602 Hercules
748 541 891 600 tunicam
926 540 994 601 sine
1028 539 1111 619 pelle
1133 540 1172 618 (1)
1207 539 1344 603 indutus

174 647 298 710 clavam
321 652 417 708 tenet.
464 649 607 708 Amazon
629 647 759 707 mitrata
781 650 838 707 est.
916 714 922 725 .

261 754 389 815 Paterae
412 752 458 830 (in
481 753 633 814 exteriore
656 753 770 832 portel:
795 751 910 812 Athen.
929 750 1003 824 217,
1028 752 1063 812 in
1078 756 1213 831 utroque
1228 753 1341 816 latere:

174 859 328 921 Hercules
352 858 476 921 clavam
498 862 594 920 tenet.
1034 867 1036 870 ’
1274 934 1279 941 .

263 964 406 1026 Durandi
430 964 505 1039 283,
533 965 568 1024 in
595 969 730 1042 utroque
757 963 866 1032 latere:
907 964 1061 1026 Hercules
1095 965 1185 1027 clava
1207 971 1340 1045 pugnat.

263 1072 385 1132 Monac.
400 1068 503 1132 1317:
529 1069 568 1131 de
592 1070 690 1132 altero
711 1071 809 1132 latere
832 1071 872 1132 ci.
896 1071 988 1144 inira,
1013 1091 1045 1150 p.
1063 1069 1115 1134 70.

263 1175 392 1255 Neapol.
418 1176 522 1237 Sanct.
547 1176 658 1255 Angel.
685 1174 757 1251 147,
784 1174 857 1250 152,
892 1177 927 1236 in
954 1180 1089 1255 utroque
1116 1177 1227 1239 latere:
1264 1179 1345 1239 Her-

177 1283 263 1344 cules
286 1281 409 1343 clavam
432 1286 528 1343 tenet.

265 1388 420 1450 Vaticana
443 1407 462 1447 a
483 1387 659 1466 Pamphaio
683 1388 767 1448 iacta
776 1379 806 1465 ¹).

264 1495 307 1554 II.
332 1493 456 1570 Figuris
479 1493 627 1555 Herculis
650 1497 682 1555 et
704 1493 874 1554 Amazonis
909 1493 1030 1555 accedit
1063 1494 1165 1555 altera·
1188 1497 1342 1571 Amazon,

175 1620 256 1680 quae
280 1599 321 1662 ad
344 1599 504 1662 sinistram
527 1618 616 1661 versa
639 1601 721 1660 inter
744 1619 796 1661 cas
810 1600 904 1661 humi
926 1601 1016 1674 iacet,
1041 1604 1073 1661 et
1088 1601 1196 1661 cubito
1216 1601 1344 1663 sinistro

174 1708 252 1768 nixa
274 1711 370 1786 caput
393 1705 435 1766 ad
457 1704 604 1766 dextram
623 1706 786 1767 convertit.

156 1875 159 1881 ,
256 1808 944 1892 AmphoraCampanae1086‚nuncParisiis:
958 1812 1343 1875 Herculesclavamtenet.

264 1919 325 1980 III.
349 1917 474 1995 Figuris
497 1916 645 1978 Herculis
668 1921 700 1977 et
721 1917 892 1978 Amazonis
915 1916 1044 1979 additur
1070 1920 1169 1979 altera
1191 1920 1344 1994 Amazon,

176 2044 267 2103 quae,
292 2025 385 2086 hasta
406 2024 441 2083 in
464 2023 636 2083 Herculem
651 2022 783 2098 intenta,
808 2042 827 2083 a
842 2023 953 2084 dextra
968 2028 1057 2103 parte
1073 2025 1210 2086 amicam
1226 2030 1344 2105 protec-

174 2130 253 2192 tura
269 2129 418 2191 adcurrit.
1077 2144 1079 2149 ’

264 2236 460 2315 Amphorae:
489 2235 589 2295 Berol.
618 2232 702 2297 1848
711 2228 747 2312 2);
783 2235 890 2296 Prima
923 2237 1065 2295 Amazon
1100 2236 1216 2315 pellem
1251 2255 1346 2316 super

175 2342 318 2404 tunicam
333 2342 440 2402 habet.
480 2341 567 2401 Inter
582 2343 759 2402 Amazones
775 2341 929 2420 scriptum
946 2346 993 2403 est
1009 2335 1222 2429 Ἀνδρομάχης.
1250 2344 1271 2406 J
1271 2362 1344 2405 uve-

176 2450 226 2510 nis
249 2467 367 2509 nomen
385 2441 519 2531 Ὀνήτωρ
534 2466 598 2520 vas,
619 2447 645 2508 si
662 2466 726 2506 non
742 2447 867 2526 abipso
883 2448 1009 2521 Execia
1031 2452 1141 2509 tamen
1157 2450 1225 2510 eius
1241 2454 1344 2510 aetate

176 2555 299 2615 iactum
322 2572 389 2615 esse
413 2552 513 2614 docet.
610 2544 612 2547 ’

186 2664 188 2668 ’
265 2662 388 2721 Monac.
408 2659 485 2731 615;
511 2658 586 2722 621.

265 2766 396 2846 Neapol.
415 2764 511 2828 2750,

266 2865 500 2950 Suessulana³):
525 2870 565 2932 de
588 2870 712 2949 pictura
734 2871 768 2930 in
792 2870 890 2933 altero
912 2871 1010 2931 latere
1032 2870 1105 2932 vide
1127 2872 1220 2946 infra,
1244 2893 1275 2951 p.
1290 2872 1343 2934 62.

266 2980 429 3039 Praeterea
466 2977 507 3038 ad
546 2978 628 3037 hanc
667 2977 800 3039 classem
834 2976 999 3041 referenda
1032 2977 1157 3038 videtur
1190 2978 1346 3058 amphora

176 3084 320 3146 Durandi
345 3077 451 3163 291⁴).

242 3264 245 3270 .
266 3190 348 3271 Olpe
371 3189 506 3251 Londin.
523 3189 559 3250 B.
579 3186 657 3249 443:
689 3188 842 3251 Hercules
865 3188 989 3251 clavam
1012 3189 1118 3251 habet.

199 3290 203 3294 ’
267 3297 433 3358 Alabaster
445 3295 522 3356 olim
534 3286 744 3372 Candeloriil)
760 3298 791 3354 et
805 3287 952 3373 lecythus
963 3295 1178 3357 Panckouckii
1192 3293 1243 3371 72,
1260 3316 1346 3358 nunc

249 3452 271 3522 ¹)
289 3451 356 3506 llus.
370 3450 535 3520 Gregorian,
553 3448 586 3517 li,
605 3448 660 3503 tab.
674 3448 748 3518 66,4;
767 3447 899 3516 Panofka
918 3449 966 3503 der
977 3448 1171 3506 Vasenbildner
1184 3451 1347 3522 Panphaios‚

95 3524 97 3531 ¹
176 3541 233 3597 tab.
255 3541 313 3608 1‚4;
331 3539 418 3607 Klein,
438 3537 544 3594 Griech.
565 3538 652 3592 Vasen
670 3537 719 3591 mit
737 3535 1008 3606 Meistcrsignaturen‚
1027 3554 1053 3607 p.
1073 3539 1115 3606 90,
1134 3556 1178 3598 no.
1197 3541 1222 3595 5.

248 3628 270 3697 ²)
290 3627 420 3696 Gerhard‚
438 3627 615 3682 Etruskische
633 3643 658 3682 u.
672 3625 868 3696 Campanischs
880 3624 1063 3694 Vasenbilder,
1082 3628 1136 3684 tab.
1149 3627 1209 3695 17,2
1222 3631 1249 3682 et
1265 3644 1292 3697 p.
1303 3628 1347 3695 27;

176 3717 317 3787 Rapporto
330 3715 460 3784 Volcenti,
479 3733 505 3786 p.
520 3716 579 3782 151,
600 3731 643 3770 no.
656 3715 722 3782 3743
740 3713 872 3781 Panofka
889 3703 1073 3785 Eigennamen
1091 3716 1140 3769 mit
1157 3716 1241 3783 καλός,
1260 3731 1286 3785 p.
1300 3716 1347 3783 643

178 3805 263 3873 Klein,
283 3805 459 3860 Griechische
471 3804 560 3859 Vasen
579 3804 628 3858 mit
645 3803 916 3874 Meistersignaturen,
934 3820 960 3873 p.
971 3804 1015 3868 42,
1034 3819 1078 3858 no.
1089 3805 1118 3870 33
1137 3803 1224 3872 Klein,
1241 3803 1348 3859 Griech.

176 3881 266 3949 Vasen
284 3894 333 3948 mit
351 3891 653 3964 Lieblingsinschrilten,
672 3908 698 3961 p.
719 3892 761 3948 18.

248 3984 269 4050 ⁸)
288 3982 445 4051 Mitteilung.
465 3981 491 4035 d.
511 3981 584 4035 arch.
604 3981 678 4047 lnst,
696 3985 760 4036 rom.
781 3980 888 4045 Abteil,
908 3981 986 4049 1887,
1005 3997 1032 4050 p.
1052 3981 1112 4035 260.

249 4071 270 4139 ⁴)
291 4069 463 4125 Collectionis
482 4069 603 4142 Paravey
623 4070 665 4122 14.
874 4064 877 4070 ’

253 4159 272 4228 ¹⁵)
292 4158 363 4213 Mon.
383 4156 445 4212 dell’
464 4157 538 4225 Inst.‚
562 4156 582 4225 l,
601 4157 654 4212 tab.
675 4157 718 4223 26,
742 4173 785 4211 no.
806 4157 853 4224 213
882 4160 951 4211 Ann.
971 4156 1033 4210 dcll’
1052 4156 1126 4224 Inst.‚
1145 4156 1223 4220 1831,
1242 4172 1269 4225 p.
1288 4155 1349 4212 240.
