2910 4650
631 323 836 390 ,45-

240 520 404 582 Postremo
432 519 700 580 conmemoranda
722 525 770 582 est
792 520 946 598 amphora
961 519 1083 580 Monac.
1101 517 1168 582 410
1177 513 1207 599 ¹),
1231 521 1322 582 cuius

148 625 187 686 in
210 624 310 686 altero
332 624 429 685 latere
451 623 592 686 Theseus
616 624 768 698 Coronen,
804 624 832 686 si
852 624 1052 704 inscriptioni
1075 624 1153 687 fides
1175 624 1325 686 habenda

149 734 208 805 est,
233 729 435 792 adstantibus
464 729 589 790 Helena
603 734 635 790 et
656 730 806 803 Pirithoo,
831 729 927 809 rapit;
951 730 986 790 in
1009 730 1106 791 altero
1128 730 1225 792 latere
1248 736 1323 793 sunt

148 855 248 899 senex
284 841 316 898 et
344 836 426 897 duae
460 836 609 897 mulieres
642 835 781 897 facinore
814 835 871 896 illo
904 835 1150 914 obstupefactae,
1186 855 1322 914 quarum

148 941 249 1002 altera
271 960 390 1002 nomen
416 941 657 1021 »Antiopeiam«
684 940 789 1002 habet.
837 941 907 1012 Quo
930 941 1060 1002 nomine
1075 941 1233 1003 adductus
1249 943 1322 1004 Ger-

148 1047 271 1110 hardus
294 1046 377 1108 dixit
405 1047 541 1125 figuram
563 1048 758 1108 Amazonem
792 1047 966 1126 Antiopam
993 1066 1069 1121 esse,
1106 1066 1187 1125 quae
1210 1047 1322 1110 Thesei

149 1151 327 1215 adventum
362 1156 532 1232 exspectet,
567 1157 605 1213 ut
627 1158 765 1215 veterem
799 1170 932 1232 sponsae
966 1152 1136 1231 rapiendae
1159 1158 1322 1216 consuetu-

152 1258 263 1320 dinem
299 1276 434 1336 sequens
469 1277 539 1319 eam
567 1258 685 1338 capiat;
722 1262 754 1318 et
786 1257 970 1319 Welclrerus
993 1259 1188 1319 Amazonem
1222 1279 1255 1320 se
1288 1259 1323 1319 in

155 1367 259 1427 castra
282 1363 325 1424 ad
348 1363 509 1426 Theseum
532 1364 672 1424 conferre
694 1362 829 1442 putavit.
876 1365 920 1424 At
942 1362 1051 1440 figura,
1090 1364 1209 1444 quippe
1243 1384 1324 1440 quae

152 1469 298 1531 tunicam
321 1468 451 1547 longam
474 1468 590 1529 induta
611 1468 661 1542 sit,
686 1487 751 1546 qua
772 1468 917 1548 (excepta
939 1487 1005 1529 una
1027 1469 1183 1548 amphora
1197 1470 1322 1532 Virceb.

153 1574 226 1648 126,
263 1574 322 1635 ubi
345 1575 488 1636 Amazon
521 1575 649 1652 longam
672 1574 798 1652 aurigae
821 1574 964 1635 tunicam
986 1569 1125 1654 gerit²);)
1147 1577 1322 1637 Amazones

152 1699 334 1758 numquam
350 1680 483 1742 vestitae
500 1684 583 1754 sunt,
608 1681 751 1740 Amazon
768 1698 915 1742 essenon
930 1673 1073 1758 potest³).
1120 1681 1226 1759 Atque
1242 1680 1323 1741 duae

150 1786 236 1849 vasis
259 1785 412 1866 picturae,
436 1791 474 1847 ut
495 1786 657 1847 Brunnius
679 1777 882 1865 perspexit⁴),
917 1805 1016 1845 unam
1050 1805 1118 1845 rem
1140 1785 1321 1847 inlustrant.

151 1892 264 1970 Neque
288 1891 354 1952 scio
377 1911 419 1952 an
441 1892 538 1952 huius
560 1891 645 1953 vasis
667 1890 889 1969 inscriptiones
915 1890 1111 1951 adulterinae
1134 1890 1211 1962 siut;
1246 1910 1322 1951 nam

151 2017 270 2059 nomen
293 1997 433 2058 Coronae
456 2016 513 2076 pro
536 1996 661 2059 Helena
682 1996 824 2075 positum
858 2000 891 2057 et
913 1995 976 2056 alia
997 1995 1152 2071 nonnulla
1174 1997 1323 2076 suspicio-

150 2123 226 2165 nem
249 2102 399 2164 excitant.

240 2209 351 2270 Restat
372 2211 410 2268 ut
432 2207 471 2268 de
493 2206 557 2268 illis
580 2226 662 2285 quae
684 2206 724 2268 de
740 2207 880 2286 Antiopa
901 2206 936 2267 in
959 2205 1190 2285 antiquissimis
1205 2207 1323 2269 fabulis

150 2313 366 2380 narrabantur
389 2332 588 2391 quaeramus.
635 2314 683 2374 Ac
697 2317 771 2392 post
785 2312 988 2374 Welckerum
1012 2312 1192 2374 communis
1215 2311 1323 2392 opinio

151 2423 200 2482 est
223 2418 338 2498 Agiam
360 2418 411 2480 vel
433 2419 571 2498 Hegiam
594 2417 801 2479 Troezenium
824 2418 859 2478 in
882 2417 1030 2492 carmine,
1055 2417 1142 2497 quod
1164 2418 1255 2479 Nosti
1270 2417 1322 2479 ad-

148 2525 330 2605 pelleretur,
353 2524 497 2586 fabulam
521 2524 560 2585 de
575 2524 733 2604 Antiopae
756 2544 828 2601 erga
843 2524 1001 2586 Theseum
1025 2543 1131 2585 amore
1154 2523 1321 2586 rettulisse.

148 2623 354 2708 Pausanias⁶)
387 2629 474 2690 euim
502 2629 600 2691 tradit
622 2630 759 2708 Hegiam
782 2630 988 2691 Troezenium
1022 2629 1056 2689 in
1079 2633 1225 2708 poemate
1248 2649 1321 2708 quo·

149 2737 226 2799 dam
249 2735 368 2798 dixisse
391 2730 581 2818 (πεποίηται),
615 2735 800 2815 Antiopam,
829 2755 903 2795 cum
927 2735 1080 2797 Hercules
1103 2735 1221 2796 frustra
1244 2735 1322 2795 The·

148 2843 323 2922 miscyram
346 2841 513 2914 obsideret,
538 2841 651 2902 Thesei
674 2861 780 2903 amore
804 2845 931 2920 captam
954 2840 1110 2920 oppidum
1135 2840 1320 2920 prodidisse.

148 2948 279 3010 Procius
318 2951 425 3008 autem
463 2945 602 3024 Hagiam
639 2946 696 3023 (sic
734 2946 869 3024 codices)
907 2947 1113 3007 Troezenium
1151 2947 1322 3009 Nostorum

149 3058 313 3115 auctorem
340 3053 439 3115 luisse
473 3051 560 3113 dicit.
609 3053 721 3130 Itaque
751 3051 910 3114 similibus
933 3052 1117 3115 nominibus
1151 3052 1320 3125 adductus,

151 3151 369 3236 Welckerus0)
396 3157 587 3218 Pausaniam
610 3158 881 3218 narratiunculam
903 3158 993 3219 illam
1028 3179 1045 3220 e
1068 3159 1184 3233 Nostis,
1209 3157 1266 3218 ubi
1287 3158 1322 3218 in

150 3259 250 3327 νεκυία
284 3263 324 3324 de
351 3263 492 3343 Antiopa
514 3267 608 3342 poeta
629 3262 727 3326 verba
748 3262 883 3338 lecisset,
922 3264 1154 3344 deprompsisse
1177 3262 1320 3324 coniecit.

225 3420 245 3485 ¹)
263 3417 333 3474 Olim
352 3415 482 3487 principis
500 3415 604 3471 (lanino
625 3416 706 3485 1941;
725 3416 766 3472 De
785 3417 873 3484 Witte,
891 3416 909 3471 l.
921 3415 949 3484 l.,
968 3417 1090 3484 no.110;
1109 3417 1226 3472 Re'serve
1239 3419 1321 3471 etrus·

151 3521 213 3576 que,
232 3522 259 3576 p.
279 3507 305 3573 9,
323 3521 367 3560 no.
386 3505 436 3571 283
463 3503 593 3572 Gerhard,
616 3504 757 3574 Rapporto
775 3505 914 3572 Volcente,
933 3521 959 3574 p.
980 3506 1040 3570 158,
1058 3522 1101 3559 no.
1121 3505 1172 3559 386
1179 3525 1187 3571 ;
1215 3503 1319 3559 Auserl.

149 3593 275 3662 Vasenb,
293 3593 340 3661 111,
358 3592 413 3647 tab.
433 3592 485 3646 168
504 3595 575 3662 etp.
594 3592 642 3659 49;
670 3591 803 3660 Weleker,
829 3592 893 3647 Alte
911 3590 1092 3660 Denkmaeler,
1120 3593 1165 3659 ΙΙΙ,
1184 3592 1239 3647 tab.
1258 3593 1320 3658 288

135 3684 178 3737 -et
194 3697 223 3753 p,
240 3682 308 3748 658;
325 3679 454 3736 Panofka
471 3680 499 3735 in
517 3680 578 3734 Ber.
596 3679 644 3734 der
662 3680 760 3734 Berlin.
778 3679 875 3747 Alad,
895 3679 973 3745 1848,
992 3695 1019 3747 p.
1038 3681 1073 3733 90
1093 3696 1151 3751 sqq.

221 3772 243 3839 ²)
261 3769 328 3826 Vide
346 3767 424 3836 infra,
443 3784 470 3838 p.
489 3768 533 3822 82.

221 3859 243 3926 ³)
261 3856 401 3930 Stephani,
419 3855 437 3911 l.
456 3856 485 3923 l.‚
505 3871 531 3924 p.
551 3855 611 3922 169,
630 3853 701 3910 nt.

221 3946 242 4014 ⁴)
261 3946 330 4000 Anu.
349 3943 413 4000 dell'
431 3945 505 4010 lust,
525 3943 602 4010 1657,
621 3958 648 4012 p.
667 3942 720 3996 344
738 3957 779 4011 sq.

222 4034 243 4100 ⁸)
261 4033 340 4089 Paos.
359 4034 380 4101 l,
399 4034 451 4100 8,1,

220 4122 242 4190 ⁸)
262 4120 312 4191 Ep.
332 4120 439 4193 cyclus,
458 4120 479 4188 Ι,
498 4136 523 4189 p.
545 4120 609 4187 2823
629 4119 661 4182 ΙΙ,
681 4118 745 4188 883;
765 4117 827 4171 Alte
846 4117 1033 4186 Denlrmaeler,
1054 4118 1099 4185 Ill,
1117 4134 1164 4188 pp.
1183 4120 1244 4186 850,
1264 4119 1317 4173 356
