2910 4650
614 331 826 396 -aa-
955 288 960 297 ’

136 526 284 587 Herculis
311 531 343 586 et
364 525 460 588 unius
482 527 653 587 Amazonis
676 526 801 606 pictura
824 527 916 605 quasi
943 547 962 587 a
988 526 1093 588 radice
1120 531 1205 588 ortas
1228 544 1304 588 esse.

137 631 231 702 Quod
253 617 387 693 minime
409 632 579 694 verisimile
595 636 651 692 est.
699 632 781 692 Nam
805 636 964 693 certamen
985 632 1143 710 singulare
1158 631 1307 693 Herculis

137 743 169 798 et
191 737 360 799 Amazonis
394 759 413 798 a
446 738 557 799 fabula
583 738 815 817 antiquissima,
843 739 877 799 in
906 727 970 817 qua
997 738 1168 800 Herculem
1196 737 1308 798 multis

138 863 212 903 cum
235 843 327 905 sociis
350 849 459 904 contra
481 845 658 906 Amazones
680 845 933 923 proficiscentem
956 849 1068 923 poetae
1090 844 1243 916 fecerunt,
1271 846 1309 903 ut

137 949 221 1009 inira
253 948 444 1024 videbimus,
479 949 641 1021 abhorret3
678 954 773 1029 atque
800 950 835 1011 in
864 948 1096 1028 antiquissimis
1123 949 1217 1023 vasis,
1246 947 1309 1010 nisi

138 1055 278 1132 spatium
300 1053 341 1114 ad
357 1055 463 1132 plures
485 1054 601 1132 figuras
624 1054 721 1129 deest,
745 1056 810 1116 fere
833 1074 1011 1132 numquam
1033 1052 1168 1119 videtur.
1215 1053 1309 1125 Quod

138 1160 322 1221 Petersenus
346 1159 423 1220 dicit
444 1159 584 1238 picturas
607 1178 688 1237 quae
712 1159 792 1222 duas
807 1160 903 1222 modo
926 1161 1042 1238 figuras
1057 1158 1178 1220 habent
1204 1159 1310 1239 plures

139 1284 215 1338 esse,
233 1284 331 1343 quam
355 1283 435 1342 quae
451 1264 492 1325 ad
514 1284 739 1343 quamcunque
754 1265 851 1326 aliam
872 1266 1005 1326 classem
1028 1264 1310 1338 referendaesunt,

139 1370 173 1430 id
195 1371 278 1430 nihil
306 1375 362 1431 est.
409 1370 492 1431 Nam
519 1375 648 1432 octavae
676 1371 794 1445 classis,
824 1375 861 1432 ut
883 1390 979 1449 supra
1000 1369 1151 1446 vidimus,
1179 1370 1311 1431 tereto

141 1475 241 1535 tidem
265 1475 315 1536 vel
338 1476 435 1536 etiam
457 1477 550 1555 plura
565 1496 662 1555 quam
685 1476 808 1555 primae
830 1496 906 1538 vasa
921 1481 1009 1549 suut;
1033 1476 1186 1555 atquein
1201 1475 1312 1537 multis

141 1581 234 1654 vasis,
258 1579 315 1640 ubi
338 1581 479 1659 spatium
502 1585 673 1659 angustum
696 1585 772 1657 erat,
795 1582 907 1660 pictor,
928 1582 1054 1655 etiamsi
1076 1581 1220 1656 voluerit,
1245 1581 1313 1659 plu-

142 1705 190 1746 res
214 1686 329 1764 figuras
351 1685 524 1747 describere
546 1705 611 1748 non
633 1687 748 1766 potuit.
806 1687 868 1749 Sed
894 1687 947 1749 hic
970 1706 1239 1767 supervacaneum
1266 1690 1314 1748 est

142 1791 331 1863 conmorari;
362 1810 438 1851 nam
466 1790 506 1852 de
538 1792 595 1852 tali
625 1813 658 1856 re
691 1812 897 1854 numerorum
925 1793 1029 1855 solum
1056 1791 1178 1853 ratione
1204 1791 1315 1853 habita

142 1902 279 1959 statuere
301 1916 367 1957 non
390 1896 477 1968 licet;
503 1898 587 1958 artis.
602 1898 755 1976 pingendi
777 1898 893 1977 gradus
920 1903 952 1960 et
981 1901 1098 1959 aetates
1125 1896 1315 1977 respiciendi
1385 1974 1388 1980 .

142 2007 225 2064 sunt.
273 2000 366 2074 Quod
397 2002 483 2063 idem
507 2001 585 2064 dicit
601 2003 783 2083 Scythicam
810 2008 932 2067 vestem
955 2005 1065 2065 ceteris
1088 2003 1313 2077 Amazonibua

142 2109 261 2186 quippe
295 2126 376 2186 quae
410 2109 581 2186 posteriore
614 2114 756 2189 tempore
790 2109 917 2171 additae
952 2110 1026 2184 sint,
1061 2108 1189 2187 saepius
1217 2128 1315 2187 quam

143 2213 298 2273 Amazoni
321 2233 402 2291 quae
426 2232 500 2274 cum
523 2214 661 2276 Hercule
684 2220 806 2294 pugnat
828 2214 1007 2276 adhibitam
1032 2232 1109 2288 esse,
1133 2212 1169 2274 id
1191 2213 1317 2275 adrem

143 2319 300 2398 pertinere
322 2319 377 2380 vix
400 2318 508 2392 oredo;
532 2320 679 2398 ineptum
702 2320 789 2381 enim
817 2324 885 2381 erat
906 2320 1080 2382 Herculem
1104 2320 1219 2380 fo1tem
1246 2319 1317 2380 viri·

142 2424 266 2503 busque
280 2425 442 2502 ingentem
465 2430 574 2486 contra
589 2425 723 2502 figuram
745 2425 869 2487 levibus
893 2425 1046 2504 sagittarii
1066 2425 1163 2491 armis
1185 2424 1317 2486 instruc·

143 2537 211 2592 tam
246 2535 442 2610 pugnantem
469 2531 646 2609 depingere.
697 2533 802 2609 Atque
830 2532 858 2593 si
885 2552 961 2595 vasa
987 2530 1170 2592 adcuratius
1192 2529 1317 2609 inspici·

146 2655 227 2712 mus,
255 2655 303 2698 res
325 2636 371 2697 ita
399 2656 432 2698 se
454 2636 570 2697 habere
589 2636 728 2698 videtur:
765 2637 996 2717 antiquissimis
1024 2617 1221 2714 temporibus
1248 2655 1319 2696 oon-

146 2743 286 2821 plurium
309 2742 450 2804 virorum
477 2746 509 2803 et
535 2743 735 2803 Amazonum
758 2762 900 2822 pugnam
927 2748 960 2804 et
985 2747 1097 2821 poetae
1125 2746 1157 2802 et
1184 2742 1319 2820 pictores

148 2847 359 2919 celebrabant;
389 2847 444 2908 sed
471 2847 506 2907 in
533 2847 616 2908 vasis
648 2867 729 2925 quae
757 2848 897 2928 spatium
930 2847 1095 2925 angustius
1113 2846 1164 2916 ‚ad
1192 2847 1320 2926 pingen-

142 2953 225 3026 dum
248 2953 451 3033 praebebant,
477 2952 593 3030 figuras
615 2952 806 3032 principales
824 2953 973 3015 Herculis
989 2957 1021 3014 ct
1041 2953 1108 3014 eius
1124 2951 1321 3022 adversariae

148 3078 165 3118 e
187 3058 304 3119 tradita
335 3059 477 3138 picturae
500 3059 604 3119 forma
626 3058 718 3136 quasi
740 3059 964 3138 excerpebant;
993 3059 1179 3139 posteriores
1203 3062 1320 3132 autem,

148 3183 223 3224 cum
245 3183 321 3224 vasa
344 3168 448 3225 essent
463 3183 545 3242 quae
568 3163 693 3225 duabus
716 3164 825 3242 figuris
841 3184 906 3225 non
929 3165 1005 3227 satis
1029 3169 1225 3239 ornarentur,
1242 3163 1322 3225 duas

149 3269 216 3331 vias
251 3274 427 3347 sequentes,
441 3252 512 3330 'aut
538 3288 638 3331 unam
671 3269 721 3331 vel
755 3268 836 3332 duas
864 3271 980 3347 figuras
1009 3270 1044 3331 in
1072 3273 1205 3347 utraque
1233 3273 1323 3348 parte

149 3373 320 3448 addebant,
355 3380 420 3448 aut,
454 3379 491 3436 ut
517 3374 733 3453 antiquissimi
771 3363 916 3454 pictores,
946 3395 1087 3454 pugnam
1122 3374 1324 3453 conplurium

150 3480 277 3559 parium
301 3479 504 3540 exhibebant.
556 3480 650 3552 Quod
679 3480 706 3542 si
729 3486 811 3543 recte
835 3482 1016 3554 statuimus,
1046 3479 1182 3557 intelligi
1209 3484 1322 3558 potest,

151 3605 214 3664 quo
238 3585 334 3646 modo
357 3585 479 3646 iactum
502 3584 553 3660 sit,
572 3589 610 3646 ut
632 3584 775 3665 picturae
798 3606 879 3665 quae
902 3586 983 3647 duas
1004 3585 1076 3648 illas
1099 3586 1215 3664 figures
1238 3605 1325 3664 prae-

151 3693 228 3753 bent
251 3711 326 3753 cum
348 3689 463 3752 mediis
497 3690 629 3771 picturis
660 3710 742 3769 quae
765 3692 932 3772 conplures
961 3692 1077 3769 figuras
1106 3691 1271 3753 continent
1291 3691 1326 3751 in

152 3799 337 3860 universum
365 3800 549 3876 congruant,
579 3815 644 3876 qua
669 3816 703 3857 re
732 3797 918 3860 Petersenus
946 3797 1043 3858 etiam
1073 3796 1114 3863 ad
1137 3815 1230 3858 suam
1259 3815 1326 3858 sen·

153 3903 287 3964 tentiam
311 3903 564 3964 confirmandam
587 3902 697 3964 utitur.
738 3901 801 3964 Sed
824 3902 863 3964 dc
886 3903 946 3964 hac
969 3923 1002 3964 re
1025 3903 1102 3965 satis
1125 3902 1277 3964 diximus.

242 4009 335 4069 Nunc
358 4009 398 4070 de
421 4009 531 4070 fabula
553 4009 624 4087 ipsa
646 4026 745 4087 quam
767 4008 906 4088 pictores
929 4008 1178 4070 inlustraverunt
1201 4026 1327 4086 quaera-

156 4134 239 4177 mus.
286 4117 334 4175 Ac
357 4115 499 4192 primum
515 4115 632 4192 figurae
655 4114 728 4175 illae
743 4114 893 4176 Herculis
916 4118 947 4175 et
969 4113 1165 4177 adversariae
1181 4112 1249 4178 eius
1264 4132 1329 4174 non

1133 4232 1152 4285 8
