<?xml version="1.0" encoding="UTF-8"?>
<!DOCTYPE html PUBLIC "-//W3C//DTD XHTML 1.0 Transitional//EN"
    "http://www.w3.org/TR/xhtml1/DTD/xhtml1-transitional.dtd">
<html xmlns="http://www.w3.org/1999/xhtml" xml:lang="en" lang="en">
 <head>
  <title>
</title>
<meta http-equiv="Content-Type" content="text/html;charset=utf-8" />
  <meta name='ocr-system' content='tesseract 3.04.00' />
  <meta name='ocr-capabilities' content='ocr_page ocr_carea ocr_par ocr_line ocrx_word'/>
</head>
<body>
  <div class='ocr_page' id='page_1' title='image "./deamazonumantiq00coregoog_0024.png"; bbox 0 0 2910 4650; ppageno 0'>
   <div class='ocr_carea' id='block_1_1' title="bbox 587 331 792 418">
    <p class='ocr_par' dir='ltr' id='par_1_1' title="bbox 587 331 792 418">
     <span class='ocr_line' id='line_1_1' title="bbox 587 331 792 418; baseline 0 -23"><span class='ocrx_word' id='word_1_1' title='bbox 587 331 792 418; x_wconf 83' lang='lat'>·.-1⁵-</span> 
     </span>
    </p>
   </div>
   <div class='ocr_carea' id='block_1_2' title="bbox 102 519 1296 2303">
    <p class='ocr_par' dir='ltr' id='par_1_2' title="bbox 104 519 1274 716">
     <span class='ocr_line' id='line_1_2' title="bbox 105 519 1274 604; baseline -0.004 -13"><span class='ocrx_word' id='word_1_2' title='bbox 105 530 265 591; x_wconf 91' lang='lat' dir='ltr'>Bononiae</span> <span class='ocrx_word' id='word_1_3' title='bbox 288 527 566 604; x_wconf 70' lang='lat' dir='ltr'>Francogallorum</span> <span class='ocrx_word' id='word_1_4' title='bbox 576 519 606 604; x_wconf 87' lang='lat'>¹),</span> <span class='ocrx_word' id='word_1_5' title='bbox 642 546 723 604; x_wconf 89' lang='lat' dir='ltr'>quae</span> <span class='ocrx_word' id='word_1_6' title='bbox 746 525 919 587; x_wconf 82' lang='lat' dir='ltr'>Herculem</span> <span class='ocrx_word' id='word_1_7' title='bbox 953 526 1042 588; x_wconf 91' lang='lat' dir='ltr'>clava</span> <span class='ocrx_word' id='word_1_8' title='bbox 1076 531 1274 604; x_wconf 81' lang='lat' dir='ltr'>pugnantem</span> 
     </span>
     <span class='ocr_line' id='line_1_3' title="bbox 104 631 872 716; baseline -0.005 -20"><span class='ocrx_word' id='word_1_9' title='bbox 104 636 243 716; x_wconf 80' lang='lat' dir='ltr'>praebet,</span> <span class='ocrx_word' id='word_1_10' title='bbox 268 632 389 696; x_wconf 79' lang='lat' dir='ltr'>similes</span> <span class='ocrx_word' id='word_1_11' title='bbox 411 632 552 711; x_wconf 87' lang='lat' dir='ltr'>picturas</span> <span class='ocrx_word' id='word_1_12' title='bbox 575 632 691 693; x_wconf 88' lang='lat' dir='ltr'>habere</span> <span class='ocrx_word' id='word_1_13' title='bbox 714 631 872 694; x_wconf 85' lang='lat' dir='ltr'>videntur.</span> 
     </span>
    </p>

    <p class='ocr_par' dir='ltr' id='par_1_3' title="bbox 105 735 1274 924">
     <span class='ocr_line' id='line_1_4' title="bbox 192 735 1274 817; baseline -0.005 -17"><span class='ocrx_word' id='word_1_14' title='bbox 192 741 249 801; x_wconf 94' lang='lat' dir='ltr'>IV.</span> <span class='ocrx_word' id='word_1_15' title='bbox 273 739 397 817; x_wconf 76' lang='lat' dir='ltr'>Figruis</span> <span class='ocrx_word' id='word_1_16' title='bbox 420 739 568 800; x_wconf 87' lang='lat' dir='ltr'>Herculis</span> <span class='ocrx_word' id='word_1_17' title='bbox 602 742 634 798; x_wconf 90' lang='lat' dir='ltr'>et</span> <span class='ocrx_word' id='word_1_18' title='bbox 660 738 831 799; x_wconf 89' lang='lat' dir='ltr'>Amazonis</span> <span class='ocrx_word' id='word_1_19' title='bbox 865 737 987 816; x_wconf 81' lang='lat' dir='ltr'>primae</span> <span class='ocrx_word' id='word_1_20' title='bbox 1021 737 1142 798; x_wconf 87' lang='lat' dir='ltr'>accedit</span> <span class='ocrx_word' id='word_1_21' title='bbox 1176 735 1274 797; x_wconf 87' lang='lat' dir='ltr'>altera</span> 
     </span>
     <span class='ocr_line' id='line_1_5' title="bbox 105 842 1220 924; baseline -0.004 -18"><span class='ocrx_word' id='word_1_22' title='bbox 105 847 258 921; x_wconf 83' lang='lat' dir='ltr'>Amazon,</span> <span class='ocrx_word' id='word_1_23' title='bbox 282 864 364 924; x_wconf 90' lang='lat' dir='ltr'>quae</span> <span class='ocrx_word' id='word_1_24' title='bbox 387 850 460 924; x_wconf 85' lang='lat' dir='ltr'>post</span> <span class='ocrx_word' id='word_1_25' title='bbox 482 844 654 906; x_wconf 84' lang='lat' dir='ltr'>Herculem</span> <span class='ocrx_word' id='word_1_26' title='bbox 677 863 697 904; x_wconf 92' lang='lat' dir='ltr'>a</span> <span class='ocrx_word' id='word_1_27' title='bbox 719 843 847 905; x_wconf 90' lang='lat' dir='ltr'>sinistra</span> <span class='ocrx_word' id='word_1_28' title='bbox 869 847 957 922; x_wconf 88' lang='lat' dir='ltr'>parte</span> <span class='ocrx_word' id='word_1_29' title='bbox 981 842 1100 903; x_wconf 87' lang='lat' dir='ltr'>auxilio</span> <span class='ocrx_word' id='word_1_30' title='bbox 1123 842 1220 903; x_wconf 90' lang='lat' dir='ltr'>venit.</span> 
     </span>
    </p>

    <p class='ocr_par' dir='ltr' id='par_1_4' title="bbox 104 943 1296 1136">
     <span class='ocr_line' id='line_1_6' title="bbox 193 943 1273 1030; baseline -0.004 -19"><span class='ocrx_word' id='word_1_31' title='bbox 193 950 358 1030; x_wconf 88' lang='lat' dir='ltr'>Amphora</span> <span class='ocrx_word' id='word_1_32' title='bbox 387 949 602 1011; x_wconf 85' lang='lat' dir='ltr'>Panckouckii</span> <span class='ocrx_word' id='word_1_33' title='bbox 630 943 717 1027; x_wconf 79' lang='lat'><strong>73²):</strong></span> <span class='ocrx_word' id='word_1_34' title='bbox 765 950 880 1028; x_wconf 90' lang='lat' dir='ltr'>figuras</span> <span class='ocrx_word' id='word_1_35' title='bbox 915 950 1092 1011; x_wconf 81' lang='lat' dir='ltr'>Amazones</span> <span class='ocrx_word' id='word_1_36' title='bbox 1127 966 1203 1022; x_wconf 90' lang='grc'><strong>5555,</strong></span> <span class='ocrx_word' id='word_1_37' title='bbox 1238 946 1273 1009; x_wconf 92' lang='lat' dir='ltr'>id</span> 
     </span>
     <span class='ocr_line' id='line_1_7' title="bbox 104 1054 1296 1136; baseline -0.001 -20"><span class='ocrx_word' id='word_1_38' title='bbox 104 1057 191 1134; x_wconf 90' lang='lat' dir='ltr'>quod</span> <span class='ocrx_word' id='word_1_39' title='bbox 213 1077 269 1134; x_wconf 88' lang='lat' dir='ltr'>ego</span> <span class='ocrx_word' id='word_1_40' title='bbox 293 1056 486 1136; x_wconf 87' lang='lat' dir='ltr'>suspicabar,</span> <span class='ocrx_word' id='word_1_41' title='bbox 511 1055 589 1118; x_wconf 88' lang='lat' dir='ltr'>dicit</span> <span class='ocrx_word' id='word_1_42' title='bbox 610 1055 757 1117; x_wconf 88' lang='lat' dir='ltr'>Kleinius</span> <span class='ocrx_word' id='word_1_43' title='bbox 779 1056 814 1116; x_wconf 89' lang='lat' dir='ltr'>in</span> <span class='ocrx_word' id='word_1_44' title='bbox 836 1055 944 1116; x_wconf 88' lang='lat' dir='ltr'>libello</span> <span class='ocrx_word' id='word_1_45' title='bbox 967 1075 1068 1135; x_wconf 85' lang='lat' dir='ltr'>nuper</span> <span class='ocrx_word' id='word_1_46' title='bbox 1091 1054 1186 1115; x_wconf 84' lang='lat' dir='ltr'>edito.</span> <span class='ocrx_word' id='word_1_47' title='bbox 1292 1083 1296 1092; x_wconf 82' lang='lat'><em>·</em></span> 
     </span>
    </p>

    <p class='ocr_par' dir='ltr' id='par_1_5' title="bbox 184 1160 718 1231">
     <span class='ocr_line' id='line_1_8' title="bbox 184 1160 718 1231; baseline 0 -8"><span class='ocrx_word' id='word_1_48' title='bbox 184 1163 389 1231; x_wconf 79' lang='lat' dir='ltr'>¹Oenochoae:</span> <span class='ocrx_word' id='word_1_49' title='bbox 414 1161 643 1224; x_wconf 88' lang='lat' dir='ltr'>Thorvaldseni</span> <span class='ocrx_word' id='word_1_50' title='bbox 666 1160 718 1223; x_wconf 79' lang='lat'>42.</span> 
     </span>
    </p>

    <p class='ocr_par' dir='ltr' id='par_1_6' title="bbox 102 1266 1272 1434">
     <span class='ocr_line' id='line_1_9' title="bbox 191 1266 1272 1347; baseline 0.001 -19"><span class='ocrx_word' id='word_1_51' title='bbox 191 1269 343 1343; x_wconf 86' lang='lat' dir='ltr'>Parisina,</span> <span class='ocrx_word' id='word_1_52' title='bbox 368 1268 401 1327; x_wconf 93' lang='lat' dir='ltr'>in</span> <span class='ocrx_word' id='word_1_53' title='bbox 425 1287 536 1329; x_wconf 89' lang='lat' dir='ltr'>museo</span> <span class='ocrx_word' id='word_1_54' title='bbox 559 1267 701 1347; x_wconf 90' lang='lat' dir='ltr'>publico:</span> <span class='ocrx_word' id='word_1_55' title='bbox 737 1268 914 1330; x_wconf 83' lang='lat' dir='ltr'>Amazones</span> <span class='ocrx_word' id='word_1_56' title='bbox 947 1266 1134 1328; x_wconf 89' lang='lat' dir='ltr'>humiliores</span> <span class='ocrx_word' id='word_1_57' title='bbox 1162 1267 1272 1329; x_wconf 86' lang='lat' dir='ltr'>cristas</span> 
     </span>
     <span class='ocr_line' id='line_1_10' title="bbox 102 1374 231 1434; baseline 0 0"><span class='ocrx_word' id='word_1_58' title='bbox 102 1374 231 1434; x_wconf 90' lang='lat' dir='ltr'>habent.</span> 
     </span>
    </p>

    <p class='ocr_par' dir='ltr' id='par_1_7' title="bbox 104 1476 1273 1662">
     <span class='ocr_line' id='line_1_11' title="bbox 194 1476 1273 1559; baseline 0.002 -22"><span class='ocrx_word' id='word_1_59' title='bbox 194 1480 232 1539; x_wconf 92' lang='lat' dir='ltr'>V.</span> <span class='ocrx_word' id='word_1_60' title='bbox 256 1478 380 1556; x_wconf 81' lang='lat' dir='ltr'>Figuris</span> <span class='ocrx_word' id='word_1_61' title='bbox 404 1476 529 1540; x_wconf 87' lang='lat' dir='ltr'>duabus</span> <span class='ocrx_word' id='word_1_62' title='bbox 551 1477 615 1539; x_wconf 89' lang='lat' dir='ltr'>illis</span> <span class='ocrx_word' id='word_1_63' title='bbox 638 1477 767 1540; x_wconf 86' lang='lat' dir='ltr'>additur</span> <span class='ocrx_word' id='word_1_64' title='bbox 789 1479 824 1539; x_wconf 92' lang='lat' dir='ltr'>in</span> <span class='ocrx_word' id='word_1_65' title='bbox 851 1483 985 1557; x_wconf 86' lang='lat' dir='ltr'>utraque</span> <span class='ocrx_word' id='word_1_66' title='bbox 1018 1480 1273 1559; x_wconf 75' lang='lat' dir='ltr'>parte-Amazon</span> 
     </span>
     <span class='ocr_line' id='line_1_12' title="bbox 104 1584 334 1662; baseline 0.004 -19"><span class='ocrx_word' id='word_1_67' title='bbox 104 1603 197 1662; x_wconf 92' lang='lat' dir='ltr'>opem</span> <span class='ocrx_word' id='word_1_68' title='bbox 220 1584 334 1644; x_wconf 83' lang='lat' dir='ltr'>ferens.</span> 
     </span>
    </p>

    <p class='ocr_par' dir='ltr' id='par_1_8' title="bbox 192 1683 1084 1769">
     <span class='ocr_line' id='line_1_13' title="bbox 192 1683 1084 1769; baseline 0.002 -19"><span class='ocrx_word' id='word_1_69' title='bbox 192 1690 388 1769; x_wconf 91' lang='lat' dir='ltr'>Amphorae:</span> <span class='ocrx_word' id='word_1_70' title='bbox 415 1689 626 1752; x_wconf 86' lang='lat' dir='ltr'>Carlsruhana</span> <span class='ocrx_word' id='word_1_71' title='bbox 651 1683 758 1768; x_wconf 74' lang='lat'>160.⁸)</span> <span class='ocrx_word' id='word_1_72' title='bbox 1083 1754 1084 1757; x_wconf 65' lang='grc'><strong>,</strong></span> 
     </span>
    </p>

    <p class='ocr_par' dir='ltr' id='par_1_9' title="bbox 102 1789 1273 1964">
     <span class='ocr_line' id='line_1_14' title="bbox 191 1789 1273 1879; baseline 0.002 -23"><span class='ocrx_word' id='word_1_73' title='bbox 191 1795 318 1856; x_wconf 75' lang='grc'><strong>11551011</strong></span> <span class='ocrx_word' id='word_1_74' title='bbox 344 1789 461 1874; x_wconf 62' lang='grc'><strong>13814)</strong></span> <span class='ocrx_word' id='word_1_75' title='bbox 483 1796 517 1856; x_wconf 91' lang='lat' dir='ltr'>in</span> <span class='ocrx_word' id='word_1_76' title='bbox 540 1800 675 1879; x_wconf 90' lang='lat' dir='ltr'>utroque</span> <span class='ocrx_word' id='word_1_77' title='bbox 697 1797 811 1858; x_wconf 86' lang='lat' dir='ltr'>latere:</span> <span class='ocrx_word' id='word_1_78' title='bbox 836 1796 869 1857; x_wconf 91' lang='lat' dir='ltr'>in</span> <span class='ocrx_word' id='word_1_79' title='bbox 893 1816 959 1857; x_wconf 89' lang='lat' dir='ltr'>una</span> <span class='ocrx_word' id='word_1_80' title='bbox 980 1797 1105 1876; x_wconf 87' lang='lat' dir='ltr'>pictura</span> <span class='ocrx_word' id='word_1_81' title='bbox 1119 1797 1273 1859; x_wconf 87' lang='lat' dir='ltr'>Hercules</span> 
     </span>
     <span class='ocr_line' id='line_1_15' title="bbox 102 1904 434 1964; baseline 0 -1"><span class='ocrx_word' id='word_1_82' title='bbox 102 1904 191 1964; x_wconf 90' lang='lat' dir='ltr'>clava</span> <span class='ocrx_word' id='word_1_83' title='bbox 213 1907 355 1964; x_wconf 87' lang='lat' dir='ltr'>armatus</span> <span class='ocrx_word' id='word_1_84' title='bbox 378 1907 434 1964; x_wconf 90' lang='lat' dir='ltr'>est.</span> 
     </span>
    </p>

    <p class='ocr_par' dir='ltr' id='par_1_10' title="bbox 191 2008 758 2087">
     <span class='ocr_line' id='line_1_16' title="bbox 191 2008 758 2087; baseline 0.002 -18"><span class='ocrx_word' id='word_1_85' title='bbox 191 2011 313 2071; x_wconf 87' lang='lat' dir='ltr'>Monac.</span> <span class='ocrx_word' id='word_1_86' title='bbox 339 2008 413 2083; x_wconf 84' lang='lat'>606,</span> <span class='ocrx_word' id='word_1_87' title='bbox 437 2009 472 2069; x_wconf 93' lang='lat' dir='ltr'>in</span> <span class='ocrx_word' id='word_1_88' title='bbox 494 2013 630 2087; x_wconf 90' lang='lat' dir='ltr'>utroque</span> <span class='ocrx_word' id='word_1_89' title='bbox 652 2009 758 2071; x_wconf 87' lang='lat' dir='ltr'>latere.</span> 
     </span>
    </p>

    <p class='ocr_par' dir='ltr' id='par_1_11' title="bbox 102 2109 1272 2303">
     <span class='ocr_line' id='line_1_17' title="bbox 190 2109 1272 2200; baseline 0.005 -25"><span class='ocrx_word' id='word_1_90' title='bbox 190 2115 336 2194; x_wconf 87' lang='lat' dir='ltr'>Lecythi:</span> <span class='ocrx_word' id='word_1_91' title='bbox 360 2116 477 2176; x_wconf 88' lang='lat' dir='ltr'>Athen.</span> <span class='ocrx_word' id='word_1_92' title='bbox 497 2116 572 2190; x_wconf 82' lang='grc'><strong>262,</strong></span> <span class='ocrx_word' id='word_1_93' title='bbox 597 2114 672 2190; x_wconf 84' lang='grc'><strong>351,</strong></span> <span class='ocrx_word' id='word_1_94' title='bbox 697 2113 762 2178; x_wconf 79' lang='grc'>358</span> <span class='ocrx_word' id='word_1_95' title='bbox 785 2109 864 2195; x_wconf 72' lang='lat'>(?)⁸):</span> <span class='ocrx_word' id='word_1_96' title='bbox 888 2117 923 2177; x_wconf 96' lang='lat' dir='ltr'>in</span> <span class='ocrx_word' id='word_1_97' title='bbox 946 2116 1104 2196; x_wconf 87' lang='lat' dir='ltr'>prioribus</span> <span class='ocrx_word' id='word_1_98' title='bbox 1119 2117 1272 2200; x_wconf 86' lang='lat' dir='ltr'>Hercules</span> 
     </span>
     <span class='ocr_line' id='line_1_18' title="bbox 102 2222 1272 2303; baseline 0.004 -22"><span class='ocrx_word' id='word_1_99' title='bbox 102 2222 225 2282; x_wconf 89' lang='lat' dir='ltr'>clavam</span> <span class='ocrx_word' id='word_1_100' title='bbox 248 2223 357 2294; x_wconf 90' lang='lat' dir='ltr'>habet;</span> <span class='ocrx_word' id='word_1_101' title='bbox 387 2241 467 2283; x_wconf 90' lang='lat' dir='ltr'>num</span> <span class='ocrx_word' id='word_1_102' title='bbox 492 2227 524 2283; x_wconf 88' lang='lat' dir='ltr'>et</span> <span class='ocrx_word' id='word_1_103' title='bbox 546 2222 581 2283; x_wconf 92' lang='lat' dir='ltr'>in</span> <span class='ocrx_word' id='word_1_104' title='bbox 603 2223 697 2283; x_wconf 89' lang='lat' dir='ltr'>tertia</span> <span class='ocrx_word' id='word_1_105' title='bbox 719 2242 790 2283; x_wconf 90' lang='lat' dir='ltr'>eam</span> <span class='ocrx_word' id='word_1_106' title='bbox 812 2222 938 2298; x_wconf 87' lang='lat' dir='ltr'>habeat,</span> <span class='ocrx_word' id='word_1_107' title='bbox 963 2223 1128 2303; x_wconf 85' lang='lat' dir='ltr'>nonsatis</span> <span class='ocrx_word' id='word_1_108' title='bbox 1151 2224 1272 2286; x_wconf 90' lang='lat' dir='ltr'>clarum</span> 
     </span>
    </p>
   </div>
   <div class='ocr_carea' id='block_1_3' title="bbox 99 2327 472 2496">
    <p class='ocr_par' dir='ltr' id='par_1_12' title="bbox 99 2327 472 2496">
     <span class='ocr_line' id='line_1_19' title="bbox 99 2327 239 2407; baseline 0.007 -19"><span class='ocrx_word' id='word_1_109' title='bbox 99 2327 239 2407; x_wconf 88' lang='lat' dir='ltr'>adparet.</span> 
     </span>
     <span class='ocr_line' id='line_1_20' title="bbox 187 2434 472 2496; baseline 0 -1"><span class='ocrx_word' id='word_1_110' title='bbox 187 2434 322 2496; x_wconf 91' lang='lat' dir='ltr'>Londin.</span> <span class='ocrx_word' id='word_1_111' title='bbox 347 2435 373 2494; x_wconf 96' lang='lat' dir='ltr'>B</span> <span class='ocrx_word' id='word_1_112' title='bbox 398 2435 472 2495; x_wconf 89' lang='grc'><strong>611.</strong></span> 
     </span>
    </p>
   </div>
   <div class='ocr_carea' id='block_1_4' title="bbox 98 2539 1318 3258">
    <p class='ocr_par' dir='ltr' id='par_1_13' title="bbox 98 2539 1318 3258">
     <span class='ocr_line' id='line_1_21' title="bbox 190 2539 1271 2621; baseline 0.005 -21"><span class='ocrx_word' id='word_1_113' title='bbox 190 2541 245 2600; x_wconf 91' lang='lat' dir='ltr'>VI.</span> <span class='ocrx_word' id='word_1_114' title='bbox 270 2539 394 2616; x_wconf 83' lang='lat' dir='ltr'>Figuris</span> <span class='ocrx_word' id='word_1_115' title='bbox 418 2539 547 2616; x_wconf 91' lang='lat' dir='ltr'>quintae</span> <span class='ocrx_word' id='word_1_116' title='bbox 571 2540 679 2602; x_wconf 87' lang='lat' dir='ltr'>classis</span> <span class='ocrx_word' id='word_1_117' title='bbox 702 2541 837 2620; x_wconf 90' lang='lat' dir='ltr'>propriis</span> <span class='ocrx_word' id='word_1_118' title='bbox 861 2541 983 2602; x_wconf 86' lang='lat' dir='ltr'>aceedit</span> <span class='ocrx_word' id='word_1_119' title='bbox 1001 2547 1114 2621; x_wconf 90' lang='lat' dir='ltr'>quarta</span> <span class='ocrx_word' id='word_1_120' title='bbox 1129 2545 1271 2611; x_wconf 87' lang='lat' dir='ltr'>Amazon</span> 
     </span>
     <span class='ocr_line' id='line_1_22' title="bbox 101 2640 1318 2726; baseline 0.003 -21"><span class='ocrx_word' id='word_1_121' title='bbox 101 2663 182 2722; x_wconf 91' lang='lat' dir='ltr'>quae</span> <span class='ocrx_word' id='word_1_122' title='bbox 206 2665 222 2705; x_wconf 93' lang='lat' dir='ltr'>e</span> <span class='ocrx_word' id='word_1_123' title='bbox 245 2664 353 2724; x_wconf 89' lang='lat' dir='ltr'>pugna</span> <span class='ocrx_word' id='word_1_124' title='bbox 376 2664 408 2706; x_wconf 91' lang='lat' dir='ltr'>se</span> <span class='ocrx_word' id='word_1_125' title='bbox 431 2644 473 2705; x_wconf 90' lang='lat' dir='ltr'>ad</span> <span class='ocrx_word' id='word_1_126' title='bbox 496 2645 642 2706; x_wconf 87' lang='lat' dir='ltr'>dextram</span> <span class='ocrx_word' id='word_1_127' title='bbox 665 2647 819 2726; x_wconf 89' lang='lat' dir='ltr'>recipiens</span> <span class='ocrx_word' id='word_1_128' title='bbox 842 2647 978 2726; x_wconf 86' lang='lat' dir='ltr'>respicit.</span> <span class='ocrx_word' id='word_1_129' title='bbox 1316 2640 1318 2644; x_wconf 28' lang='lat'>⁸</span> 
     </span>
     <span class='ocr_line' id='line_1_23' title="bbox 149 2745 1273 2832; baseline 0.007 -22"><span class='ocrx_word' id='word_1_130' title='bbox 149 2785 158 2791; x_wconf 39' lang='lat'>-‡</span> <span class='ocrx_word' id='word_1_131' title='bbox 189 2750 348 2829; x_wconf 87' lang='lat' dir='ltr'>Lecythus</span> <span class='ocrx_word' id='word_1_132' title='bbox 382 2749 517 2812; x_wconf 88' lang='lat' dir='ltr'>Londin.</span> <span class='ocrx_word' id='word_1_133' title='bbox 554 2751 578 2812; x_wconf 83' lang='lat'><em>0</em></span> <span class='ocrx_word' id='word_1_134' title='bbox 614 2750 656 2814; x_wconf 82' lang='lat'>26</span> <span class='ocrx_word' id='word_1_135' title='bbox 678 2745 824 2830; x_wconf 74' lang='lat'>(614)⁶):&#39;</span> <span class='ocrx_word' id='word_1_136' title='bbox 848 2758 960 2831; x_wconf 83' lang='lat' dir='ltr'>quarta</span> <span class='ocrx_word' id='word_1_137' title='bbox 987 2756 1129 2815; x_wconf 88' lang='lat' dir='ltr'>Amazon</span> <span class='ocrx_word' id='word_1_138' title='bbox 1157 2755 1273 2832; x_wconf 87' lang='lat' dir='ltr'>bracis,</span> 
     </span>
     <span class='ocr_line' id='line_1_24' title="bbox 99 2857 1269 2937; baseline 0.006 -19"><span class='ocrx_word' id='word_1_139' title='bbox 99 2862 185 2919; x_wconf 89' lang='lat' dir='ltr'>veste</span> <span class='ocrx_word' id='word_1_140' title='bbox 209 2857 326 2931; x_wconf 87' lang='lat' dir='ltr'>stricta,</span> <span class='ocrx_word' id='word_1_141' title='bbox 351 2857 455 2933; x_wconf 87' lang='lat' dir='ltr'>mitra,</span> <span class='ocrx_word' id='word_1_142' title='bbox 478 2857 636 2937; x_wconf 89' lang='lat' dir='ltr'>pharetra,</span> <span class='ocrx_word' id='word_1_143' title='bbox 661 2877 736 2919; x_wconf 90' lang='lat' dir='ltr'>arcu</span> <span class='ocrx_word' id='word_1_144' title='bbox 759 2860 871 2922; x_wconf 84' lang='lat' dir='ltr'>aetatis</span> <span class='ocrx_word' id='word_1_145' title='bbox 887 2859 1020 2923; x_wconf 88' lang='lat' dir='ltr'>recentis</span> <span class='ocrx_word' id='word_1_146' title='bbox 1042 2861 1198 2924; x_wconf 87' lang='lat' dir='ltr'>instructa</span> <span class='ocrx_word' id='word_1_147' title='bbox 1213 2867 1269 2925; x_wconf 89' lang='lat' dir='ltr'>est.</span> 
     </span>
     <span class='ocr_line' id='line_1_25' title="bbox 191 2963 1271 3044; baseline 0.006 -20"><span class='ocrx_word' id='word_1_148' title='bbox 191 2964 262 3025; x_wconf 90' lang='lat' dir='ltr'>VH.</span> <span class='ocrx_word' id='word_1_149' title='bbox 287 2963 410 3041; x_wconf 83' lang='lat' dir='ltr'>Figuris</span> <span class='ocrx_word' id='word_1_150' title='bbox 433 2964 581 3027; x_wconf 88' lang='lat' dir='ltr'>Herculis</span> <span class='ocrx_word' id='word_1_151' title='bbox 616 2969 648 3026; x_wconf 88' lang='grc'>51</span> <span class='ocrx_word' id='word_1_152' title='bbox 670 2966 793 3044; x_wconf 88' lang='lat' dir='ltr'>primae</span> <span class='ocrx_word' id='word_1_153' title='bbox 816 2968 987 3028; x_wconf 90' lang='lat' dir='ltr'>Amazonis</span> <span class='ocrx_word' id='word_1_154' title='bbox 1021 2967 1150 3030; x_wconf 88' lang='lat' dir='ltr'>additur</span> <span class='ocrx_word' id='word_1_155' title='bbox 1173 2969 1271 3043; x_wconf 89' lang='lat' dir='ltr'>altera</span> 
     </span>
     <span class='ocr_line' id='line_1_26' title="bbox 99 3071 1268 3154; baseline 0.006 -25"><span class='ocrx_word' id='word_1_156' title='bbox 99 3072 251 3145; x_wconf 90' lang='lat' dir='ltr'>Amazon,</span> <span class='ocrx_word' id='word_1_157' title='bbox 285 3089 367 3148; x_wconf 92' lang='lat' dir='ltr'>quae</span> <span class='ocrx_word' id='word_1_158' title='bbox 400 3074 473 3149; x_wconf 84' lang='lat' dir='ltr'>post</span> <span class='ocrx_word' id='word_1_159' title='bbox 499 3071 672 3133; x_wconf 81' lang='lat' dir='ltr'>Herculem</span> <span class='ocrx_word' id='word_1_160' title='bbox 711 3071 752 3133; x_wconf 93' lang='lat' dir='ltr'>ad</span> <span class='ocrx_word' id='word_1_161' title='bbox 787 3072 949 3135; x_wconf 87' lang='lat' dir='ltr'>sinistram</span> <span class='ocrx_word' id='word_1_162' title='bbox 982 3074 1093 3137; x_wconf 89' lang='lat' dir='ltr'>abiens</span> <span class='ocrx_word' id='word_1_163' title='bbox 1126 3075 1268 3154; x_wconf 90' lang='lat' dir='ltr'>respicit;</span> 
     </span>
     <span class='ocr_line' id='line_1_27' title="bbox 98 3177 999 3258; baseline 0.008 -23"><span class='ocrx_word' id='word_1_164' title='bbox 98 3195 343 3254; x_wconf 90' lang='lat' dir='ltr'>nonnumquam</span> <span class='ocrx_word' id='word_1_165' title='bbox 365 3177 537 3238; x_wconf 88' lang='lat' dir='ltr'>Herculem</span> <span class='ocrx_word' id='word_1_166' title='bbox 560 3178 653 3240; x_wconf 88' lang='lat' dir='ltr'>hasta</span> <span class='ocrx_word' id='word_1_167' title='bbox 675 3185 837 3258; x_wconf 88' lang='lat' dir='ltr'>percutere</span> <span class='ocrx_word' id='word_1_168' title='bbox 859 3185 999 3242; x_wconf 90' lang='lat' dir='ltr'>conatur.</span> 
     </span>
    </p>
   </div>
   <div class='ocr_carea' id='block_1_5' title="bbox 100 3347 1268 3775">
    <p class='ocr_par' dir='ltr' id='par_1_14' title="bbox 170 3347 843 3421">
     <span class='ocr_line' id='line_1_28' title="bbox 170 3347 843 3421; baseline 0.01 -20"><span class='ocrx_word' id='word_1_169' title='bbox 170 3351 190 3415; x_wconf 86' lang='lat'>¹)</span> <span class='ocrx_word' id='word_1_170' title='bbox 209 3347 465 3418; x_wconf 88' lang='lat' dir='ltr'>Archaeologischer</span> <span class='ocrx_word' id='word_1_171' title='bbox 482 3349 621 3420; x_wconf 86' lang='lat' dir='ltr'>Anzeiger,</span> <span class='ocrx_word' id='word_1_172' title='bbox 640 3350 718 3419; x_wconf 90' lang='grc'><strong>1889,</strong></span> <span class='ocrx_word' id='word_1_173' title='bbox 737 3365 764 3421; x_wconf 91' lang='grc'>5.</span> <span class='ocrx_word' id='word_1_174' title='bbox 784 3352 843 3409; x_wconf 82' lang='grc'><strong>186.</strong></span> 
     </span>
    </p>

    <p class='ocr_par' dir='ltr' id='par_1_15' title="bbox 100 3434 1267 3597">
     <span class='ocr_line' id='line_1_29' title="bbox 170 3434 1267 3511; baseline 0.005 -21"><span class='ocrx_word' id='word_1_175' title='bbox 170 3436 190 3502; x_wconf 84' lang='lat'>²)</span> <span class='ocrx_word' id='word_1_176' title='bbox 209 3434 285 3490; x_wconf 88' lang='lat' dir='ltr'>Nunc</span> <span class='ocrx_word' id='word_1_177' title='bbox 308 3437 446 3491; x_wconf 86' lang='lat' dir='ltr'>Bononiae</span> <span class='ocrx_word' id='word_1_178' title='bbox 469 3435 705 3508; x_wconf 81' lang='lat' dir='ltr'>Francogallorum</span> <span class='ocrx_word' id='word_1_179' title='bbox 730 3442 844 3508; x_wconf 84' lang='lat' dir='ltr'>serrata,</span> <span class='ocrx_word' id='word_1_180' title='bbox 872 3438 906 3498; x_wconf 85' lang='lat' dir='ltr'>cf.</span> <span class='ocrx_word' id='word_1_181' title='bbox 925 3439 1005 3495; x_wconf 90' lang='lat' dir='ltr'>Arch.</span> <span class='ocrx_word' id='word_1_182' title='bbox 1023 3439 1161 3511; x_wconf 76' lang='lat' dir='ltr'>Anreiger,</span> <span class='ocrx_word' id='word_1_183' title='bbox 1190 3441 1267 3508; x_wconf 87' lang='grc'><strong>1889,</strong></span> 
     </span>
     <span class='ocr_line' id='line_1_30' title="bbox 100 3523 1108 3597; baseline 0.01 -22"><span class='ocrx_word' id='word_1_184' title='bbox 100 3523 208 3590; x_wconf 82' lang='lat' dir='ltr'>p.185;</span> <span class='ocrx_word' id='word_1_185' title='bbox 228 3523 315 3591; x_wconf 87' lang='lat' dir='ltr'>Klein,</span> <span class='ocrx_word' id='word_1_186' title='bbox 333 3523 384 3578; x_wconf 91' lang='lat' dir='ltr'>Die</span> <span class='ocrx_word' id='word_1_187' title='bbox 402 3523 500 3594; x_wconf 85' lang='lat' dir='ltr'>griech.</span> <span class='ocrx_word' id='word_1_188' title='bbox 520 3523 609 3581; x_wconf 85' lang='lat' dir='ltr'>Vasen</span> <span class='ocrx_word' id='word_1_189' title='bbox 628 3527 677 3581; x_wconf 90' lang='lat' dir='ltr'>mit</span> <span class='ocrx_word' id='word_1_190' title='bbox 694 3525 1000 3597; x_wconf 82' lang='lat' dir='ltr'>Lieblingsinschriften,</span> <span class='ocrx_word' id='word_1_191' title='bbox 1018 3544 1046 3597; x_wconf 88' lang='lat' dir='ltr'>p.</span> <span class='ocrx_word' id='word_1_192' title='bbox 1066 3530 1108 3585; x_wconf 91' lang='grc'>18.</span> 
     </span>
    </p>

    <p class='ocr_par' dir='ltr' id='par_1_16' title="bbox 171 3609 762 3683">
     <span class='ocr_line' id='line_1_31' title="bbox 171 3609 762 3683; baseline 0.015 -22"><span class='ocrx_word' id='word_1_193' title='bbox 171 3609 191 3675; x_wconf 81' lang='lat'>³)</span> <span class='ocrx_word' id='word_1_194' title='bbox 210 3611 290 3664; x_wconf 91' lang='lat' dir='ltr'>Arch.</span> <span class='ocrx_word' id='word_1_195' title='bbox 309 3612 448 3681; x_wconf 87' lang='lat' dir='ltr'>Anzeiger,</span> <span class='ocrx_word' id='word_1_196' title='bbox 467 3613 545 3680; x_wconf 83' lang='grc'><strong>1811,</strong></span> <span class='ocrx_word' id='word_1_197' title='bbox 564 3630 591 3683; x_wconf 89' lang='grc'>5.</span> <span class='ocrx_word' id='word_1_198' title='bbox 610 3614 655 3682; x_wconf 84' lang='grc'><strong>33,</strong></span> <span class='ocrx_word' id='word_1_199' title='bbox 673 3631 717 3670; x_wconf 87' lang='lat' dir='ltr'>no.</span> <span class='ocrx_word' id='word_1_200' title='bbox 737 3615 762 3670; x_wconf 87' lang='lat'>4.</span> 
     </span>
    </p>

    <p class='ocr_par' dir='ltr' id='par_1_17' title="bbox 170 3694 1268 3775">
     <span class='ocr_line' id='line_1_32' title="bbox 170 3694 1268 3775; baseline 0.013 -26"><span class='ocrx_word' id='word_1_201' title='bbox 170 3695 191 3762; x_wconf 67' lang='grc'>4)</span> <span class='ocrx_word' id='word_1_202' title='bbox 211 3694 388 3766; x_wconf 81' lang='grc'><strong>0151550151,</strong></span> <span class='ocrx_word' id='word_1_203' title='bbox 421 3699 594 3770; x_wconf 85' lang='lat' dir='ltr'>Description</span> <span class='ocrx_word' id='word_1_204' title='bbox 616 3702 665 3756; x_wconf 87' lang='lat' dir='ltr'>des</span> <span class='ocrx_word' id='word_1_205' title='bbox 688 3701 834 3773; x_wconf 74' lang='lat' dir='ltr'>antiquitds</span> <span class='ocrx_word' id='word_1_206' title='bbox 862 3702 897 3759; x_wconf 89' lang='lat' dir='ltr'>de</span> <span class='ocrx_word' id='word_1_207' title='bbox 921 3704 957 3762; x_wconf 90' lang='lat' dir='ltr'>M.</span> <span class='ocrx_word' id='word_1_208' title='bbox 976 3703 1057 3760; x_wconf 75' lang='lat' dir='ltr'>louis</span> <span class='ocrx_word' id='word_1_209' title='bbox 1076 3704 1171 3775; x_wconf 81' lang='lat' dir='ltr'>Fould,</span> <span class='ocrx_word' id='word_1_210' title='bbox 1198 3706 1268 3775; x_wconf 73' lang='lat' dir='ltr'>Par,</span> 
     </span>
    </p>
   </div>
   <div class='ocr_carea' id='block_1_6' title="bbox 26 3783 178 3837">
    <p class='ocr_par' dir='ltr' id='par_1_18' title="bbox 26 3783 178 3837">
     <span class='ocr_line' id='line_1_33' title="bbox 26 3783 178 3837; baseline 0 0"><span class='ocrx_word' id='word_1_211' title='bbox 26 3827 29 3837; x_wconf 82' lang='lat'>.</span> <span class='ocrx_word' id='word_1_212' title='bbox 103 3783 178 3837; x_wconf 89' lang='grc'><strong>1861.</strong></span> 
     </span>
    </p>
   </div>
   <div class='ocr_carea' id='block_1_7' title="bbox 97 3871 1267 4126">
    <p class='ocr_par' dir='ltr' id='par_1_19' title="bbox 97 3871 1267 4126">
     <span class='ocr_line' id='line_1_34' title="bbox 168 3871 1267 3950; baseline 0.012 -25"><span class='ocrx_word' id='word_1_213' title='bbox 168 3874 189 3940; x_wconf 81' lang='lat'>¹⁵)</span> <span class='ocrx_word' id='word_1_214' title='bbox 210 3871 251 3926; x_wconf 85' lang='lat' dir='ltr'>Ex</span> <span class='ocrx_word' id='word_1_215' title='bbox 274 3872 316 3928; x_wconf 88' lang='lat' dir='ltr'>his</span> <span class='ocrx_word' id='word_1_216' title='bbox 340 3873 411 3928; x_wconf 86' lang='lat' dir='ltr'>vasis</span> <span class='ocrx_word' id='word_1_217' title='bbox 434 3891 515 3928; x_wconf 91' lang='lat' dir='ltr'>unum</span> <span class='ocrx_word' id='word_1_218' title='bbox 539 3875 567 3930; x_wconf 90' lang='lat' dir='ltr'>in</span> <span class='ocrx_word' id='word_1_219' title='bbox 588 3877 669 3933; x_wconf 89' lang='lat' dir='ltr'>Arch.</span> <span class='ocrx_word' id='word_1_220' title='bbox 687 3878 826 3948; x_wconf 74' lang='lat' dir='ltr'>Armiger,</span> <span class='ocrx_word' id='word_1_221' title='bbox 854 3879 933 3948; x_wconf 86' lang='grc'><strong>1861,</strong></span> <span class='ocrx_word' id='word_1_222' title='bbox 960 3897 988 3950; x_wconf 92' lang='grc'>5.</span> <span class='ocrx_word' id='word_1_223' title='bbox 1004 3882 1067 3950; x_wconf 78' lang='grc'><strong>200,</strong></span> <span class='ocrx_word' id='word_1_224' title='bbox 1094 3898 1138 3936; x_wconf 90' lang='lat' dir='ltr'>no.</span> <span class='ocrx_word' id='word_1_225' title='bbox 1159 3884 1192 3937; x_wconf 80' lang='lat'>15</span> <span class='ocrx_word' id='word_1_226' title='bbox 1221 3883 1267 3938; x_wconf 91' lang='lat' dir='ltr'>de·</span> 
     </span>
     <span class='ocr_line' id='line_1_35' title="bbox 97 3959 1266 4040; baseline 0.013 -28"><span class='ocrx_word' id='word_1_227' title='bbox 97 3959 225 4028; x_wconf 87' lang='lat' dir='ltr'>scriptum</span> <span class='ocrx_word' id='word_1_228' title='bbox 244 3965 298 4034; x_wconf 67' lang='lat' dir='ltr'>eet,</span> <span class='ocrx_word' id='word_1_229' title='bbox 317 3978 398 4032; x_wconf 85' lang='lat' dir='ltr'>quam</span> <span class='ocrx_word' id='word_1_230' title='bbox 416 3962 624 4033; x_wconf 85' lang='lat' dir='ltr'>descriptionem</span> <span class='ocrx_word' id='word_1_231' title='bbox 642 3965 784 4037; x_wconf 82' lang='lat' dir='ltr'>Collignon</span> <span class='ocrx_word' id='word_1_232' title='bbox 801 3967 831 4022; x_wconf 90' lang='lat' dir='ltr'>in</span> <span class='ocrx_word' id='word_1_233' title='bbox 849 3968 974 4040; x_wconf 85' lang='lat' dir='ltr'>catalogo</span> <span class='ocrx_word' id='word_1_234' title='bbox 986 3986 1111 4026; x_wconf 84' lang='lat' dir='ltr'>vasorum</span> <span class='ocrx_word' id='word_1_235' title='bbox 1120 3971 1266 4028; x_wconf 88' lang='lat' dir='ltr'>Athenien·</span> 
     </span>
     <span class='ocr_line' id='line_1_36' title="bbox 97 4047 973 4126; baseline 0.015 -26"><span class='ocrx_word' id='word_1_236' title='bbox 97 4047 166 4100; x_wconf 87' lang='lat' dir='ltr'>sium</span> <span class='ocrx_word' id='word_1_237' title='bbox 185 4064 280 4117; x_wconf 87' lang='lat' dir='ltr'>parum</span> <span class='ocrx_word' id='word_1_238' title='bbox 297 4053 369 4105; x_wconf 88' lang='lat' dir='ltr'>recte</span> <span class='ocrx_word' id='word_1_239' title='bbox 388 4051 424 4106; x_wconf 86' lang='lat' dir='ltr'>ad</span> <span class='ocrx_word' id='word_1_240' title='bbox 442 4052 539 4106; x_wconf 84' lang='lat' dir='ltr'>Athen.</span> <span class='ocrx_word' id='word_1_241' title='bbox 558 4053 611 4109; x_wconf 83' lang='lat'>263</span> <span class='ocrx_word' id='word_1_242' title='bbox 631 4054 704 4126; x_wconf 83' lang='lat' dir='ltr'>(vide</span> <span class='ocrx_word' id='word_1_243' title='bbox 721 4054 799 4121; x_wconf 82' lang='lat' dir='ltr'>infra,</span> <span class='ocrx_word' id='word_1_244' title='bbox 818 4055 865 4126; x_wconf 89' lang='grc'><strong>11.)</strong></span> <span class='ocrx_word' id='word_1_245' title='bbox 883 4056 973 4112; x_wconf 82' lang='lat' dir='ltr'>refert.</span> 
     </span>
    </p>
   </div>
   <div class='ocr_carea' id='block_1_8' title="bbox 169 4136 1210 4214">
    <p class='ocr_par' dir='ltr' id='par_1_20' title="bbox 169 4136 1210 4214">
     <span class='ocr_line' id='line_1_37' title="bbox 169 4136 1210 4214; baseline 0.014 -25"><span class='ocrx_word' id='word_1_246' title='bbox 169 4137 189 4203; x_wconf 81' lang='lat'>⁰)</span> <span class='ocrx_word' id='word_1_247' title='bbox 211 4136 239 4190; x_wconf 90' lang='lat' dir='ltr'>ln</span> <span class='ocrx_word' id='word_1_248' title='bbox 260 4138 384 4208; x_wconf 81' lang='lat' dir='ltr'>catalogo</span> <span class='ocrx_word' id='word_1_249' title='bbox 403 4139 489 4209; x_wconf 85' lang='lat' dir='ltr'>figura</span> <span class='ocrx_word' id='word_1_250' title='bbox 505 4144 570 4211; x_wconf 87' lang='lat' dir='ltr'>post</span> <span class='ocrx_word' id='word_1_251' title='bbox 587 4142 729 4198; x_wconf 85' lang='lat' dir='ltr'>Herculem</span> <span class='ocrx_word' id='word_1_252' title='bbox 747 4145 837 4214; x_wconf 85' lang='lat' dir='ltr'>posita</span> <span class='ocrx_word' id='word_1_253' title='bbox 854 4144 924 4201; x_wconf 87' lang='lat' dir='ltr'>falso</span> <span class='ocrx_word' id='word_1_254' title='bbox 942 4147 1032 4203; x_wconf 84' lang='lat' dir='ltr'>Iolaus</span> <span class='ocrx_word' id='word_1_255' title='bbox 1049 4149 1210 4204; x_wconf 86' lang='lat' dir='ltr'>nominatur.</span> 
     </span>
    </p>
   </div>
   <div class='ocr_carea' id='block_1_9' title="bbox 0 0 1460 4650">
    <p class='ocr_par' dir='ltr' id='par_1_21' title="bbox 0 0 1460 4650">
     <span class='ocr_line' id='line_1_38' title="bbox 0 0 1460 4650; baseline 0 1"><span class='ocrx_word' id='word_1_256' title='bbox 0 0 1460 4650; x_wconf 95' lang='lat' dir='ltr'> </span> 
     </span>
    </p>
   </div>
  </div>
 </body>
</html>
