2910 4650
655 260 920 357 ..fi-s

171 506 276 577 quam
293 487 376 548 circa
398 489 579 562 humerum,
604 487 710 549 nescio
733 508 774 548 an
797 489 912 561 balteo,
937 488 1115 568 prehendit.
1162 490 1209 549 lta
1231 489 1345 550 tunica

171 593 269 669 brevi,
294 593 402 667 ocreis,
426 593 564 668 thorace,
596 598 633 656 ut
654 594 789 669 videtur,
824 594 939 669 balteo,
978 594 1099 657 casside
1133 595 1201 656 sine
1235 594 1343 669 orista,

171 719 283 780 parma
313 699 457 779 praedita
490 704 563 761 ante
598 719 673 762 eum
707 701 747 761 ad
784 701 929 762 dextram
966 701 1071 775 currit,
1107 705 1139 760 et
1171 698 1346 778 respiciens

172 805 235 867 telo
253 794 258 800 ’
275 824 389 884 parum
428 804 511 867 claro
548 807 720 868 Herculem
758 810 863 885 petere
897 806 1032 867 videtur.
1094 805 1216 866 Deinde
1250 805 1346 866 miles

173 910 300 974 hastam
323 911 357 973 in
380 911 512 973 alteram
536 913 731 973 Amazonem
753 911 901 986 intendit,
934 931 1015 991 quae
1043 911 1085 997 ad
1108 911 1252 973 dextram
1277 931 1345 972 cur-

175 1037 247 1105 rens
270 1016 408 1097 respicit,
426 1016 635 1096 dextramque
650 1037 783 1078 manum
808 1017 849 1078 ad
863 1017 989 1079 hostem
1013 1017 1169 1089 extendit;
1194 1037 1231 1078 ea
1246 1017 1346 1077 etiam

172 1122 304 1203 hoplitis
330 1128 492 1185 armatura
514 1122 640 1184 munita
667 1126 724 1186 est.
770 1123 846 1186 Post
868 1124 1040 1185 Herculem
1074 1124 1153 1185 alter
1175 1123 1268 1184 miles
1303 1123 1347 1184 ad

107 1281 110 1285 ,
174 1229 335 1292 sinistram
369 1248 478 1291 versus
512 1229 552 1290 de
586 1229 688 1290 milite
721 1229 814 1290 humi
847 1228 969 1291 iacente
1000 1249 1074 1290 oum
1109 1231 1269 1290 Amazone
1303 1227 1348 1289 ad

173 1335 319 1398 dextram
342 1351 433 1398 versa
455 1333 599 1406 dimicat3
636 1354 717 1412 quae
740 1334 850 1396 tunica
871 1334 968 1410 brevi,
993 1334 1101 1409 ocreis,
1135 1335 1274 1407 thorace,
1308 1338 1348 1395 ut

173 1440 309 1530 uidetur,
341 1440 462 1502 casside
482 1440 600 1502 humili
623 1440 718 1503 orista
740 1446 861 1515 ornata,
896 1441 1010 1519 gladio,
1040 1459 1161 1520 parma,
1186 1441 1277 1500 hasta
1299 1439 1347 1500 in-

175 1551 294 1611 structa
316 1551 373 1609 est.

267 1652 375 1716 Altera
397 1650 553 1733 amphora
580 1652 722 1714 eiusdem
750 1652 872 1731 generis
895 1656 943 1714 est
964 1671 1020 1714 vas
1044 1652 1224 1732 Campanae
1250 1650 1347 1726 1071,

175 1774 261 1820 nunc
295 1759 330 1820 in
364 1774 476 1821 museo
498 1757 650 1821 Parisino.
663 1751 685 1835 ¹)
729 1759 884 1819 Hercules
918 1758 1027 1818 tunica
1060 1757 1147 1819 brevi
1181 1763 1213 1819 et
1245 1758 1348 1820 leonis

176 1863 268 1944 pelle,
302 1845 387 1942 quae
409 1857 506 1944 caput
528 1863 615 1942 tegit,
649 1862 783 1925 vestitus
819 1868 850 1925 et
872 1863 914 1924 ad
937 1862 1082 1924 dextram
1116 1882 1224 1936 versus
1247 1883 1349 1925 manu

177 1969 305 2032 sinistra
327 1970 456 2031 cristam
479 1973 566 2030 tenet
588 1969 768 2043 Amazonis,
806 1989 903 2048 quam
937 1969 1042 2048 gladio
1077 1969 1188 2031 dextra
1222 1969 1349 2031 sublato

177 2093 384 2163 percussurus
407 2079 463 2148 est;
488 2075 603 2155 pedem
631 2074 792 2136 sinistram
818 2075 977 2136 intalum
1001 2075 1068 2136 eius
1091 2075 1191 2155 ponit.
1237 2077 1286 2137 Ea
1306 2076 1349 2138 ad

176 2181 324 2243 dextram
345 2200 436 2243 versa
458 2199 603 2260 genuque
627 2179 739 2242 dextro
761 2181 839 2242 nixa
861 2181 998 2261 respicit,
1023 2186 1054 2242 et
1076 2181 1168 2243 hasta
1183 2182 1222 2259 (t)
1242 2201 1275 2243 se
1299 2181 1350 2243 de·

178 2282 306 2349 feudare
322 2290 466 2359 conatur3
491 2286 631 2365 hoplitae
654 2291 815 2349 armatura
834 2286 960 2349 munita
983 2291 1039 2348 est.
1087 2287 1236 2366 Sequitur
1257 2287 1351 2350 miles

178 2391 220 2454 ad
243 2391 389 2454 dextram
413 2411 529 2469 versus,
565 2393 622 2470 qui
644 2393 736 2455 hasta
758 2393 793 2454 in
820 2393 953 2455 alteram
977 2380 1171 2454 Amazonem
1194 2393 1349 2466 intendit;

180 2509 217 2584 ea
238 2497 351 2572 bracis,
388 2502 475 2560 veste
497 2498 667 2574 manicata,
702 2499 823 2562 casside
857 2500 922 2560 alta
944 2498 1039 2560 crista
1062 2499 1217 2575 decorata,
1241 2501 1350 2579 phare-

179 2607 229 2664 tra
270 2603 426 2666 instructa
470 2607 502 2664 et
539 2619 621 2683 genu
656 2603 783 2667 sinistro
820 2605 898 2666 nixa
931 2605 1080 2683 sagittam
1115 2604 1157 2666 ad
1187 2584 1351 2667 sinistram

107 2703 112 2713 '
181 2708 291 2770 mittit.
339 2709 438 2772 Cuius
461 2709 579 2789 figurae
612 2709 746 2773 vestitus
769 2710 937 2791 Scythicus
970 2711 1005 2771 in
1027 2715 1096 2771 tam
1133 2710 1266 2788 antiqua
1288 2710 1347 2790 pic·

180 2819 253 2902 tura
275 2815 489 2895 suspicionem
512 2835 638 2877 movere
664 2821 783 2896 potest;
819 2822 853 2878 at
886 2836 942 2895 ego
965 2816 1054 2878 testis
1077 2836 1149 2878 sum
1184 2835 1254 2877 eam
1286 2836 1352 2877 non

180 2921 331 3006 refectam
355 2940 431 2982 esse.
478 2921 518 2981 In
541 2920 668 2983 sinistra
691 2922 832 3002 picturae
854 2927 944 3001 parte
966 2927 1040 3002 post
1061 2923 1232 2983 Herculem
1257 2915 1352 2982 Ama·

181 3046 240 3087 zon
274 3024 407 3104 genibus
440 3026 518 3086 nixa
551 3030 583 3086 et
605 3025 647 3087 ad
680 3026 826 3096 dextram
860 3047 950 3090 versa
983 3028 1120 3108 respicit,
1160 3032 1192 3088 et
1225 3029 1352 3089 hastam

181 3130 278 3193 militi
300 3131 447 3206 intentat,
473 3132 529 3211 qui
552 3152 623 3193 cam
646 3153 666 3193 a
687 3135 774 3211 tergo
796 3133 1050 3215 hasta‘invadit3
1087 3133 1279 3195 Graecorum
1307 3154 1352 3193 ar·

182 3241 344 3323 maturam
367 3237 473 3299 habet.
521 3237 747 3318 inscriptiones
763 3257 858 3300 sensu
874 3243 1014 3301 carentes
1026 3259 1123 3320 prope
1135 3238 1251 3317 figuras
1267 3244 1352 3299 sunt.

272 3343 417 3405 Similem
440 3344 599 3424 picturam
621 3327 768 3406 videmus
802 3344 837 3404 in
871 3345 1026 3425 amphora
1050 3346 1230 3425 Campanae
1258 3343 1351 3419 1099,

182 3468 269 3511 nunc
305 3450 341 3534 in
378 3469 489 3512 museo
512 3444 693 3528 Parisino¹>
739 3449 892 3512 Hercules
920 3450 1029 3512 tunica
1063 3455 1094 3512 et
1126 3450 1227 3512 leonis
1260 3450 1352 3530 pelle,

182 3574 264 3635 quae
288 3560 384 3637 caput
406 3555 494 3635 tegit,
517 3556 651 3619 vestitus
690 3559 722 3617 et
744 3554 786 3616 ad
808 3554 953 3617 dextram
969 3575 1086 3618 versus
1108 3555 1237 3619 cristam
1260 3558 1353 3618 Ama.-

183 3660 270 3723 zonis
293 3660 420 3724 sinistra
454 3681 554 3725 manu
588 3660 837 3742 comprehendit,
862 3661 967 3740 gladio
990 3661 1115 3724 sublato
1150 3682 1221 3724 eam
1255 3667 1353 3723 trans·

184 3767 316 3830 fixurus.
362 3759 411 3829 Ea
443 3768 553 3830 tunica
575 3767 672 3842 brevi,
708 3766 816 3843 ocreis,
852 3768 973 3830 casside
1007 3768 1072 3828 alta
1106 3767 1200 3830 crista
1234 3773 1353 3842 ornata,

183 3871 270 3934 unde
293 3873 393 3935 crines
416 3873 502 3950 longi
525 3872 715 3953 dependent,
751 3878 851 3949 scuto,
886 3873 978 3935 hasta
1000 3873 1143 3952 praedita
1177 3878 1237 3944 est;
1272 3892 1355 3952 genu

257 4098 278 4168 ¹)
297 4094 417 4155 Damont
430 4097 459 4151 ct
470 4092 610 4169 Chaplain,
624 4095 675 4154 Les
688 4095 861 4170 Geramiques
875 4097 909 4152 de
920 4098 949 4153 la
961 4095 1045 4154 Grdce
1057 4112 1165 4169 propre,
1184 4096 1205 4165 I,
1215 4098 1302 4167 p.333
1314 4113 1355 4168 sq.
