2910 4650
679 309 897 374 ..43-

206 525 223 567 e
245 505 330 583 volgi
352 524 496 567 sermone
504 499 526 581 ¹)
549 503 738 582 deprompta
760 503 810 578 sit,
836 521 910 563 cum
932 522 981 565 res
1005 503 1097 564 certis
1119 501 1247 563 indiciis
1260 505 1375 574 careat,

206 630 353 689 quaerere
376 610 500 670 omitto.

295 717 384 777 Duae
416 715 512 794 igitur
545 714 672 775 fabulae
706 714 827 776 formae
861 714 966 792 quinti
999 714 1117 775 saeculi
1150 712 1242 774 initio
1276 712 1377 774 fuisse

206 822 368 894 videntur;
393 820 569 883 secundum
592 821 724 881 alteram
746 821 921 900 Antiopam
944 820 1103 882 Theseum
1125 818 1209 880 ultro
1232 818 1377 879 Athenas

207 933 348 991 secutam
372 946 438 990 esse
468 926 520 1003 (de
558 926 627 987 loco
649 926 735 987 unde
757 926 880 987 venerit
918 925 1000 986 nihil
1037 924 1240 1004 accepimus),
1265 928 1378 1002 postea

207 1033 395 1096 seditionem
419 1032 614 1106 excitavisse‚
649 1032 684 1093 in
718 1032 816 1093 altera
848 1033 1025 1092 Amazones
1048 1031 1188 1092 Atticam
1222 1030 1378 1091 invasisse

206 1139 331 1217 reginae
353 1141 482 1216 raptum
505 1138 627 1200 ulturas
649 1138 715 1199 veri
738 1137 842 1199 simile
865 1142 921 1199 est.
968 1136 1091 1198 Deinde
1106 1136 1218 1215 quinto
1238 1134 1376 1210 saeculo,

207 1245 339 1306 fortasse
362 1243 503 1322 primum
527 1263 546 1304 a
568 1242 691 1318 Phidia,
719 1243 859 1305 Theseus
886 1243 1034 1304 Herculis
1062 1247 1170 1303 contra
1198 1243 1377 1303 Amazones

207 1350 429 1428 Themiscyrae
452 1348 624 1428 pugnantis
652 1367 766 1423 comes,
791 1353 828 1410 ut
850 1348 949 1426 gloria
972 1349 1039 1410 eius
1067 1352 1241 1426 augeretur,
1271 1347 1377 1409 factus

212 1460 269 1518 est.
315 1456 436 1528 Postea,
460 1454 525 1516 illis
548 1454 587 1515 de
610 1454 767 1534 Antiopae
790 1458 893 1533 raptu,
911 1474 992 1533 quae
1006 1455 1111 1517 herois
1131 1455 1253 1514 famam
1269 1472 1376 1514 macu-

206 1555 347 1635 larent,²)
371 1560 503 1633 reiectis,
528 1559 694 1639 scriptores
717 1560 842 1622 fabulas
870 1560 1064 1638 antiquiores
1092 1560 1147 1620 alii
1175 1560 1266 1620 aliter
1294 1559 1377 1619 inter

208 1686 241 1729 se
264 1665 515 1737 conmiscebant;
540 1665 595 1726 alii
621 1665 780 1727 Theseum
807 1667 1002 1726 Amazonem
1035 1665 1162 1727 virtutis
1195 1665 1377 1745 praemium

207 1774 248 1834 ab
271 1773 409 1834 Hercule
421 1770 642 1849 Themiscyrae
658 1771 815 1850 accepisse
831 1771 992 1843 dicebant;
1016 1772 1134 1849 Hegias
1149 1790 1232 1844 vero,
1246 1770 1376 1831 alterius

207 1879 357 1957 antiquae
379 1877 516 1951 fabulae,
532 1877 574 1938 'in
597 1896 661 1955 qua
683 1877 823 1956 Antiopa
844 1877 961 1939 amoris
984 1895 1079 1938 causa
1093 1877 1214 1938 Theseo
1230 1875 1377 1954 nupsisse

208 1984 380 2058 dicebatur,
410 1983 531 2044 ratione
553 1983 672 2057 habita,
689 1982 960 2044 narratiunculam
981 1982 1071 2043 illam
1095 1982 1134 2043 de
1153 1981 1377 2061 Themiscyrae

207 2089 386 2170 proditione
409 2088 609 2166 excogitavit·
653 2088 741 2149 Haec
769 2089 899 2166 quidem
933 2108 998 2150 non
1025 2087 1133 2149 omnia
1167 2086 1377 2149 demonstrari

207 2200 355 2275 possunt;
381 2194 436 2256 sed
459 2193 574 2255 melius
590 2211 687 2272 quam
704 2199 823 2255 ceterae
839 2194 1044 2268 coniecturae,
1063 2213 1142 2272 quas
1157 2212 1259 2272 usque
1271 2193 1376 2254 adhuc

207 2301 267 2364 viri
290 2301 376 2362 docti
398 2299 606 2380 protulerunt,
630 2299 790 2361 variarum
812 2299 1031 2361 narrationum
1054 2304 1170 2374 ortum,
1194 2318 1274 2378 quas
1290 2299 1377 2377 apud

207 2407 394 2486 posteriores
418 2405 583 2485 scriptores
605 2406 792 2485 reperimus,
817 2406 974 2486 explicare
997 2405 1155 2468 videntur.

297 2513 368 2584 Qua
390 2512 429 2572 de
452 2532 485 2572 re
508 2511 633 2573 sirecte
655 2511 877 2586 iudicavimus,
901 2512 1019 2590 Hegias
1042 2531 1108 2572 non
1129 2515 1203 2573 ante
1225 2517 1376 2590 quartum

209 2618 380 2693 saeculum,
404 2617 470 2680 veri
493 2617 629 2679 similius
652 2618 754 2692 tertio,
778 2636 842 2696 quo
865 2617 990 2679 saeculo
1018 2617 1270 2679 narratiunculas
1298 2617 1377 2679 tales

52 2758 60 2771 ι
154 2710 157 2714 ’
208 2724 377 2786 amatorias
415 2723 580 2785 adamatos
617 2723 716 2786 fuisso
753 2723 881 2796 scimus,
921 2722 1065 2785 floruisse
1099 2723 1286 2785 statuendus
1319 2729 1375 2786 est.

208 2832 352 2892 Fortasse
375 2829 461 2890 idem
485 2833 533 2891 est
547 2829 750 2908 atqueAgias
772 2829 826 2890 ille
849 2829 914 2907 qui,
931 2828 1020 2890 velut
1031 2829 1192 2908 Dercylus,
1214 2825 1381 2911 ’Aprolrxa'

208 2935 368 3014 scripsisse
392 2929 545 3011 dicituri)
589 2935 702 3012 Itaque
725 2938 782 2994 aut
804 2934 844 2994 ab
867 2933 973 3010 Hagia
994 2934 1050 2995 illo
1073 2935 1130 3012 qui
1162 2935 1278 2997 Nostos
1307 2954 1378 2996 con·
1423 2993 1427 3001 .

208 3041 291 3103 didit
314 3039 556 3117 distinguendus
580 3045 636 3114 est,
661 3045 717 3102 aut
740 3040 767 3102 si
789 3039 876 3101 idem
900 3045 956 3114 est,
974 3040 1060 3120 apud
1075 3040 1222 3102 Proclum
1238 3046 1377 3102 erratum

208 3146 338 3226 aliquod
362 3150 417 3219 est,
442 3144 502 3219 vel,
526 3144 561 3205 id
584 3145 670 3223 quod
684 3145 766 3205 mihi
780 3145 846 3208 veri
862 3145 999 3208 similius
1018 3146 1153 3221 videtur,
1170 3166 1244 3208 cum
1259 3167 1378 3208 nomen

208 3254 322 3316 Nostcs
356 3251 487 3314 liberius
514 3251 669 3312 usitatum
692 3250 790 3312 fuisse
813 3246 989 3330 sciamus,⁴)
1012 3257 1121 3314 auctor
1136 3272 1155 3313 a
1170 3272 1234 3332 quo
1249 3253 1378 3316 Proolus

207 3359 263 3420 illa
286 3358 325 3420 de
363 3358 451 3438 cyclo
490 3357 578 3436 epico
616 3357 709 3436 petiit
746 3357 865 3418 librum
903 3359 1122 3433 recentiorem,
1151 3378 1217 3420 non
1250 3378 1379 3421 carmen

208 3466 387 3543 antiquum,
412 3463 499 3541 quod
521 3464 654 3524 fortasse
677 3462 743 3522 iam
766 3462 834 3525 eius
857 3467 959 3526 aetate
982 3464 1126 3544 perierat,
1150 3465 1317 3544 excerpsit.

280 3602 301 3667 1)
320 3600 496 3670 Kluegmann,
515 3598 533 3652 l.
553 3598 581 3666 l.,
600 3616 626 3668 p.
647 3600 688 3653 18.

279 3689 300 3756 ²)
319 3687 377 3742 Hac
399 3688 432 3742 dc
465 3703 547 3741 causa
571 3687 723 3742 Herodorus
749 3687 895 3757 Antiopam
922 3704 1013 3758 pugna
1039 3691 1154 3760 captam,
1182 3705 1236 3744 non
1273 3692 1379 3759 raptam

208 3775 291 3830 luisse
309 3776 460 3831 narravisse
479 3776 596 3842 videtur3
616 3774 651 3830 cf.
670 3774 847 3844 Kluegmann,
867 3776 883 3829 l.
902 3775 929 3842 l.,
949 3792 975 3845 p.
995 3777 1029 3830 22
1048 3792 1108 3847 sqq.

279 3868 301 3934 ⁸)
320 3863 439 3931 Mueller,
459 3863 535 3931 Frag.
557 3862 625 3916 Hist.
646 3862 750 3931 Graec,
770 3865 812 3932 lV,
831 3881 856 3933 p.
877 3864 937 3919 292.
977 3862 1024 3919 Ud.
1043 3864 1077 3918 de
1097 3864 1270 3919 Wilamowitz
1290 3865 1378 3933 (Hom.

210 3953 322 4020 Unters,
342 3969 369 4021 p.
390 3954 450 4018 180,
469 3967 494 4005 n.
514 3951 560 4016 26)
579 3967 672 4019 parum
692 3954 771 4017 recte,
790 3954 819 4005 ut
837 3951 902 4005 mihi
920 3951 1032 4019 videtur,
1051 3952 1135 4021 Agiae
1154 3952 1293 4024 ’Apyolad
1310 3953 1379 4008 anti-

208 4056 288 4109 quum
308 4056 424 4106 carmen,
443 4039 515 4109 quod
534 4038 666 4110 Dercylus
684 4040 855 4108 excerpserit,
875 4039 957 4094 fuisse
976 4042 1061 4109 putat.
1092 4028 1095 4035 ¹

280 4129 300 4196 ⁴)
320 4127 350 4183 O.
369 4127 409 4182 W.
428 4126 549 4193 Mueller,
580 4127 612 4180 de
638 4126 715 4200 cyclo
735 4127 897 4182 Graecorum
917 4128 1002 4196 spico,
1021 4127 1104 4198 lips,
1124 4129 1193 4183 1829
1216 4145 1244 4198 p.
1264 4130 1317 4184 126
1336 4147 1378 4201 sq.
