2910 4650
574 303 779 368 -47..

90 499 205 561 eadem
243 502 346 560 aetate
383 502 486 577 gestas
519 497 658 576 tetigisse
693 504 823 561 constet.
892 498 1098 561 Philochorus
1109 493 1130 578 ¹)
1164 498 1261 560 etiam

90 604 252 666 Theseum
275 603 497 682 Themiscyrae
531 603 720 682 pugnavisse
754 608 786 664 et
818 604 992 684 Antiopam
1025 605 1151 667 virtutis
1173 624 1261 685 prae·

90 709 196 770 mium
218 709 260 770 ab
282 709 419 771 Hercule
442 708 599 788 accepisse
622 708 718 780 dixit3
747 708 803 770 sed
825 709 907 770 nihil
935 709 974 770 de
996 711 1166 772 Amazonis
1189 730 1262 788 erga

90 815 251 877 Theseum
287 834 394 876 amore
416 813 584 875 tradidisse
618 807 782 892 videtur2).
829 814 982 878 Isocrates
1015 834 1089 876 vero
1122 809 1261 893 narrat¹)

89 920 316 1000 Hippolytam,
336 939 444 983 amore
466 924 594 999 captam
617 919 775 980 Theseum
799 924 941 981 secutam
975 939 1057 995 esse3
1091 940 1189 998 quam
1223 926 1260 982 ut

89 1027 269 1107 punierent,
302 1028 480 1087 Amazones
510 1024 651 1086 Atticam
674 1024 839 1097 invasisse;
865 1025 921 1087 sed
943 1046 983 1087 ne
1005 1027 1033 1087 is
1056 1024 1186 1105 quidem
1209 1025 1259 1087 vel

90 1132 130 1193 de
164 1131 286 1195 Theseo
308 1131 455 1193 Herculis
479 1130 593 1191 comite
616 1130 667 1193 vel
698 1129 737 1191 de
760 1130 983 1210 Themiscyrae
1005 1131 1183 1210 proditione
1216 1131 1258 1192 lo·

90 1237 208 1316 quitur.
238 1287 241 1291 .
255 1236 438 1298 Ceterorum
454 1237 644 1315 scriptorum
659 1235 776 1309 nullus,
794 1240 951 1314 quantum
968 1236 1042 1311 scio,
1067 1256 1141 1297 cum
1157 1235 1259 1314 Hegia

90 1335 279 1422 congruit⁴);
304 1342 359 1403 alii
382 1342 468 1403 enim
492 1342 603 1403 dicunt
625 1343 820 1402 Amazonem
842 1343 1001 1404 Tbeseum
1024 1342 1141 1404 amoris
1164 1360 1260 1404 causa

90 1449 232 1510 Athenas
255 1452 397 1510 secutam
420 1466 496 1521 esse,
521 1446 576 1507 alii
602 1447 762 1508 Theseum
785 1466 859 1508 cum
875 1449 1012 1509 Hercule
1035 1448 1258 1527 Themiscyrae

90 1552 292 1632 pugnaviss03
317 1551 372 1615 sed
387 1552 476 1614 nullo
498 1552 567 1613 loco
590 1552 648 1613 has
671 1552 751 1614 duas
773 1571 822 1614 res
845 1554 1028 1616 coniunctas
1051 1574 1154 1632 neque
1168 1553 1258 1632 quid-

90 1677 187 1736 quam
202 1657 243 1720 de
258 1658 480 1737 Themiscyrae
495 1658 673 1736 proditione
689 1658 872 1736 reperimus.
918 1658 1031 1737 Itaque
1046 1678 1111 1720 non
1126 1677 1257 1738 possum

89 1783 153 1824 non
176 1763 301 1825 credere
319 1763 518 1825 Welckerum
534 1763 756 1830 doctissimum
778 1763 884 1825 virum
907 1763 946 1824 de
969 1763 1029 1824 hac
1051 1783 1084 1825 re
1096 1763 1255 1824 erravisse.

176 1871 251 1933 Jem
274 1873 399 1931 constat
421 1887 549 1929 carmen
583 1871 710 1948 epicum
745 1868 831 1947 quod
865 1869 994 1931 Theseis
1031 1867 1257 1930 nominabatur

88 1979 161 2036 ante
185 1975 327 2037 Cimonis
350 1978 487 2035 aetatem
511 1969 706 2052 exstitissel)
727 1975 763 2035 in
785 1994 849 2053 quo
871 1974 1058 2036 narrabatur
1080 1977 1257 2036 Amazones

88 2099 168 2158 quas
190 2081 331 2160 Antiopa
353 2099 461 2143 secum
485 2079 637 2155 duxisset,
662 2080 783 2142 Theseo
806 2100 877 2142 eam
892 2080 1053 2143 deserturo
1068 2079 1255 2141 Phaedram·

87 2205 149 2264 que
172 2185 316 2261 ducturo,
340 2185 528 2248 seditionem
552 2185 687 2247 movisse
711 2190 743 2247 et
765 2187 805 2247 ab
828 2185 966 2247 Hercule
981 2186 1161 2247 interfectas
1177 2205 1254 2248 esse.

86 2294 193 2370 Atque
215 2291 281 2354 veri
303 2291 408 2353 simile
434 2290 561 2353 videtur
593 2290 627 2351 in
662 2291 722 2352 hoc
758 2292 897 2352 carmine
931 2291 1105 2369 Antiopam
1139 2292 1255 2353 amoris

85 2415 183 2459 causa
204 2397 361 2459 Theseum
385 2396 529 2458 Athenas
552 2399 704 2471 secutam,
728 2416 793 2458 non
816 2397 856 2458 ab
880 2417 917 2459 eo
940 2401 1064 2476 raptam
1088 2416 1164 2471 esse,
1193 2397 1256 2460 nisi

84 2503 173 2565 forte
189 2507 290 2564 totam
313 2507 454 2564 turmam
477 2501 593 2580 rapuit.
640 2503 781 2581 Raptum
814 2522 888 2564 vero
916 2502 1073 2581 Antiopae
1107 2521 1255 2565 vasorum

84 2608 227 2687 picturae
250 2609 411 2682 exhibent,
443 2608 635 2686 quibuscum
664 2608 819 2672 Pindarus
827 2601 851 2685 6)
879 2613 910 2669 et
932 2602 1158 2686 Pherecydesl)
1184 2629 1254 2669 con·

83 2715 248 2792 gruebant.
296 2714 401 2794 Quam
423 2734 491 2775 rem
514 2713 689 2774 Pindarum
713 2733 778 2774 non
806 2714 964 2775 invenisse
990 2732 1089 2774 exeo
1113 2714 1252 2792 adparet,

83 2820 172 2898 quod
194 2839 270 2883 vase
292 2818 356 2880 duo
379 2819 455 2880 atris
479 2819 586 2897 figuris
610 2823 722 2879 ornata
744 2819 811 2880 sine
835 2819 933 2879 dubio
956 2818 1024 2879 eius
1047 2823 1148 2880 aetate
1176 2820 1253 2880 anti-

83 2926 197 3004 quiora
218 2930 302 2988 sunt.
350 2924 412 2986 Sed
434 2928 544 2985 utrum
567 2925 677 2985 fabula
700 2944 717 2984 e
740 2924 879 2985 carmine
903 2924 1043 3001 quodam
1066 2918 1188 3004 epico⁸l
1212 2945 1253 2985 an

155 3066 177 3131 ¹)
194 3060 262 3116 Plut.
282 3061 363 3117 Thes.
382 3060 424 3114 26.

154 3150 177 3216 ¹)
196 3148 249 3205 Sed
267 3148 319 3204 hoc
337 3164 390 3204 non
409 3164 520 3219 prorsus
540 3153 642 3203 certum
661 3151 710 3214 cst,
734 3146 769 3203 cf.
789 3147 967 3218 Kluegmann
990 3148 1035 3204 die
1053 3150 1206 3204 Amazonen
1224 3151 1252 3205 in

81 3237 130 3293 der
149 3239 196 3292 att.
216 3236 347 3292 Literatur
365 3237 419 3292 und
438 3236 532 3300 Kunst,
551 3252 577 3305 p.
597 3237 640 3291 26.

153 3328 176 3394 ⁸)
193 3325 306 3381 Panath.
326 3326 386 3380 193.

153 3414 176 3481 ⁴)
195 3412 372 3484 Kluegmann,
390 3412 447 3481 [1.,
465 3429 491 3482 p.
502 3413 537 3467 25
550 3427 590 3482 sq.
610 3411 714 3477 erravit,
734 3411 806 3482 quod
820 3411 887 3465 duas
899 3426 951 3478 res,
970 3411 1092 3466 Herculis
1111 3416 1137 3467 ct
1155 3413 1252 3468 Thesei

81 3501 241 3558 societatem
259 3505 286 3557 et
304 3501 438 3570 Antiopae
456 3517 521 3571 erga
538 3500 670 3555 Thereum
688 3517 814 3568 amorem,
829 3517 883 3555 non
896 3500 1038 3568 separavit.

153 3589 260 3659 ')Plut
280 3590 362 3646 Thes.
382 3589 430 3656 283
450 3587 485 3643 cf.
504 3587 681 3658 Kluegmann,
701 3589 717 3644 l.
738 3588 764 3656 1.,
782 3605 809 3658 p.
829 3590 864 3643 19
882 3605 923 3660 sq.
1009 3626 1011 3633 ·

152 3679 175 3746 ⁸)
192 3677 271 3733 Paua.
290 3677 311 3744 I,
330 3677 381 3745 2,1.

152 3764 261 3833 ⁷)Plut.
280 3765 359 3821 Thes.
379 3767 428 3832 26;
456 3763 545 3821 Schol.
567 3764 643 3819 Pind.
666 3763 740 3819 Nem.
761 3754 791 3832 V,
810 3766 854 3819 89.
882 3765 961 3834 Apud
979 3763 1149 3819 Plutarchum
1168 3764 1251 3819 verba

78 3847 165 3922 Andre
184 3854 345 3925 αἰχμάλωτον
364 3870 458 3922 parum
477 3853 629 3907 adcuratius
647 3855 777 3922 usurpata
795 3857 865 3921 sunt,
885 3856 912 3907 et
929 3853 963 3906 ad
977 3852 1142 3907 Herodorum
1161 3852 1250 3923 potius

78 3958 162 4013 quam
180 3941 215 3996 ad
233 3941 417 4014 Pherecydem
436 3944 573 4011 spectant3
592 3942 626 3996 de
645 3941 786 3997 Hellanico
805 3940 840 4000 ef.
859 3941 946 3998 Tzetz.
965 3941 1000 3995 ad
1018 3940 1081 4012 Lyc.
1095 3939 1172 3995 1332.
1209 3937 1249 3994 Of.

78 4029 258 4100 liluegmann‚
276 4029 295 4084 l.
313 4029 340 4094 1.,
359 4046 385 4099 p.
404 4030 439 4083 22
458 4044 518 4101 sqq.
811 4080 815 4087 .

152 4116 174 4186 ⁸)
193 4115 343 4187 Ovsrbeclu
360 4117 432 4173 lion.
452 4118 485 4173 ed
504 4118 572 4173 Ann.
592 4117 654 4172 dell’
673 4117 749 4185 lust,
770 4117 845 4172 1856.
865 4133 892 4189 p.
911 4108 954 4171 88.
