2910 4650
590 347 812 412 ..13-

117 541 164 600 Ea
197 541 231 601 in
265 541 335 603 aliis
370 541 453 603 vasis
487 541 528 602 ad
564 542 709 603 dextram
744 541 856 614 currit,
894 540 945 602 vel
982 559 1110 602 currens
1147 541 1285 602 humum

116 646 233 706 labitur
241 641 272 723 ¹),
312 651 343 707 et
377 651 474 727 eaput
512 667 605 733 saepe
647 652 820 709 retrorsum
854 647 1022 718 convertit3
1062 645 1094 706 in
1135 646 1206 709 aliis
1243 645 1285 707 ad

116 752 277 813 sinistram
311 771 410 827 versa,
446 757 478 813 et
510 772 575 813 uno
608 753 659 813 vel
694 753 819 814 duobus
853 752 987 830 genibus
1015 753 1101 827 nixa,
1136 756 1193 813 aut
1219 753 1285 813 iam

116 858 231 937 supina
243 859 358 919 cadens
374 862 510 918 mortem
522 858 642 920 viribus
654 859 762 920 fractis
775 863 937 937 exspectat
944 853 976 936 π)
1009 858 1114 930 Quam
1126 859 1284 936 picturam

115 983 191 1024 vasa
213 963 366 1024 exhibent
387 965 479 1024 haec:

205 1065 401 1150 Amphorae:
427 1069 608 1158 Campanae
624 1067 686 1133 931
697 1064 729 1148 ²),
747 1089 833 1132 nuno
849 1070 883 1129 in
899 1089 1010 1132 museo
1026 1069 1181 1132 Parisino:
1207 1071 1283 1130 Her·

119 1177 205 1238 cules
229 1177 323 1239 hasta
345 1180 476 1256 pugnat,
501 1179 533 1236 et
555 1179 683 1237 scutum
706 1176 777 1238 fert.

203 1283 348 1343 Durandi
372 1280 445 1344 288.

204 1388 339 1448 Videtur
362 1387 459 1448 etiam
476 1386 631 1465 amphora
647 1386 861 1479 Panckouokii
876 1386 915 1448 71
942 1406 1084 1467 pugnam
1100 1406 1174 1448 oum
1190 1389 1284 1448 Ama-

115 1512 191 1552 zone
215 1488 412 1570 exhibere⁴):
438 1493 591 1553 Hercules
615 1492 704 1554 olava
727 1494 871 1554 munitus
895 1498 951 1555 est.

203 1598 365 1658 Praeterea
387 1598 519 1658 fortasse
543 1597 600 1671 vir,
624 1598 680 1676 qui
702 1598 737 1658 in
752 1599 908 1678 amphora
921 1599 1076 1678 Petropol.
1098 1598 1158 1659 125
1176 1598 1283 1659 tunica

115 1707 146 1763 et
168 1703 250 1782 pelle
273 1703 406 1765 vestitus
429 1703 522 1764 hasta
544 1704 739 1764 Amazonem
762 1704 895 1779 invadit,
919 1705 1072 1766 Hercules
1096 1708 1152 1766 est.

202 1809 327 1888 Hydria
349 1809 531 1888 Tarquiniis
554 1814 677 1888 reperta
685 1803 717 1886 Ι1).

203 1916 402 1977 Oenoehoae:
428 1908 634 1994 Fontanae⁶):
659 1916 782 1978 olavam
805 1919 893 1976 tenet
914 1916 1079 1978 Hercules.

203 2022 325 2082 Monac.
346 2019 445 2092 119·2;
474 2019 568 2083 1197.

202 2127 383 2189 Ravesteiui
401 2128 478 2190 199:
503 2129 646 2188 Amazon
661 2127 778 2189 dicitur
792 2127 912 2207 peltam
929 2128 1062 2200 habere;
1080 2128 1136 2189 sed
1151 2128 1283 2188 fortasse
1362 2148 1365 2153 ⁴

114 2237 241 2293 soutum
264 2233 432 2294 Boeotium
455 2227 541 2311 esu).

203 2339 285 2416 Olpa
307 2339 385 2400 olim
409 2338 580 2401 Castellani
589 2334 621 2417 Β).

202 2444 361 2523 Lecythus
385 2446 507 2506 Monac.
533 2443 586 2505 80.

203 2549 333 2627 Cyathi:
358 2543 563 2626 Fontanae⁹):
590 2550 743 2612 Hercules
767 2550 910 2628 gladium
933 2571 950 2611 e
973 2552 1087 2629 vagina
1109 2551 1226 2612 educit.

206 2654 340 2716 Londin.
365 2655 391 2714 B
415 2655 480 2715 418
504 2649 651 2732 (664>¹⁰>:
688 2656 841 2718 Hercules
865 2657 974 2717 tunica
996 2662 1028 2718 et
1061 2658 1189 2718 thorace
1216 2657 1284 2719 sine

114 2760 196 2838 pelle
219 2762 352 2822 vestitus
376 2761 466 2820 olava
488 2765 619 2840 pugnat.

114 2919 245 2926 .--——.-—-
249 2920 324 2926 ...-

112 3003 139 3058 in
158 3003 350 3074 antiquissimis
369 3003 441 3058 vasis
460 3005 553 3059 tenere
571 3018 605 3057 ex
624 3002 663 3057 eis
682 3018 751 3073 quae
770 3020 853 3074 supra
870 3003 984 3058 vidimus
998 3004 1121 3074 adparet.
1152 3005 1204 3061 Ubi
1216 3006 1283 3061 nihil

111 3091 145 3145 de
163 3091 286 3146 Herculis
305 3092 385 3146 armis
404 3091 469 3160 dixi,
487 3091 605 3162 gladium
624 3092 715 3147 habet.

183 3184 203 3247 ¹)
222 3180 312 3235 Multis
331 3181 358 3234 in
377 3180 488 3250 picturis
500 3179 609 3235 difficile
621 3183 664 3236 est
676 3180 757 3249 dictu,
775 3184 862 3234 utrum
874 3181 926 3235 hoe
940 3198 974 3236 an
987 3179 1052 3234 illud
1065 3181 1152 3250 pictor
1164 3181 1282 3236 voluerit.

182 3272 203 3338 2)
223 3269 336 3339 Figurae
361 3269 388 3323 in
407 3269 468 3323 aliis
486 3285 636 3338 pugnarum
655 3270 766 3339 pisturis
785 3268 906 3323 similiter
924 3269 1029 3338 positae
1052 3274 1115 3323 sunt
1122 3290 1129 3336 3
1157 3267 1191 3323 ef.
1209 3270 1238 3324 P.
1258 3269 1282 3324 J.

110 3357 199 3425 Meier,
218 3358 275 3425 l.l.‚
295 3374 321 3427 p.
341 3357 395 3410 343
414 3360 442 3410 et
460 3374 486 3426 p.
506 3356 567 3423 344,
587 3373 612 3410 n.
632 3358 656 3411 1.

180 3449 202 3513 ³)
221 3446 307 3512 Klein,
327 3443 433 3501 Grieoh.
453 3443 540 3498 Vasen
560 3444 608 3499 mit
628 3443 872 3514 Lieblingsinsohr.,
891 3460 917 3514 p.
938 3447 980 3499 19.

181 3535 202 3600 ⁴)
222 3533 263 3588 cf.
282 3533 402 3588 tabulam
420 3531 544 3602 catalogo
562 3532 692 3600 additam,
711 3548 755 3586 no.
774 3533 817 3586 48.

182 3620 205 3687 ⁸)
225 3620 291 3674 Bull.
312 3620 374 3674 dell'
392 3621 467 3687 Inst,
487 3621 565 3688 1885,
583 3637 611 3690 p.
630 3620 691 3675 218.

181 3709 202 3774 ⁶)
221 3707 668 3777 Archaeologiseh-epigraphisohe
685 3707 869 3777 Mitteilungen
888 3723 937 3761 aus
956 3706 1131 3768 Oesterreieh‚
1151 3708 1184 3776 11,
1197 3724 1223 3778 p.
1238 3709 1282 3778 27,

110 3811 152 3849 no.
173 3796 216 3848 26.

181 3885 202 3949 ⁷)
221 3883 298 3950 Quod
317 3881 417 3936 exiliis
435 3897 480 3945 „oe
493 3881 613 3938 bour-liar
627 3883 644 3939 a
656 3882 820 3939 eohanerure
832 3882 1058 3938 denrieirculaire“
1074 3883 1195 3938 conicere
1212 3884 1282 3939 lieet.

181 3971 202 4037 ⁸)
222 3970 289 4024 Bull.
309 3969 371 4024 dell’
391 3970 463 4037 lust,
484 3970 561 4038 1869,
581 3988 607 4041 p.
627 3973 687 4027 250.

183 4061 205 4128 ⁹)
224 4059 400 4128 Aron-epigr.
420 4058 523 4113 Mitteil.
543 4076 593 4116 aus
613 4060 788 4127 Oesterreieh‚
807 4060 840 4128 11,
859 4076 886 4129 p.
906 4061 949 4127 26,
969 4076 1013 4115 no.
1033 4061 1075 4114 25.

172 4150 204 4215 10)
224 4146 345 4201 Durandi
363 4148 422 4201 289.
