2910 4650
611 326 831 390 -41..

138 523 178 583 ex
201 525 305 583 Aeaco
327 521 415 585 Jovis
439 526 470 582 et
493 521 632 599 Aeginae
656 521 722 582 filio
744 526 839 583 natus
874 541 941 584 esse
975 523 1002 585 is
1025 543 1090 585 non
1123 519 1306 603 videatur‚¹)

137 629 234 690 verba
257 629 376 689 fecisse.
424 628 525 688 Mater
562 647 636 688 vero
674 627 790 701 Aiacis,
818 627 968 690 Periboea
1005 630 1055 691 vel
1082 630 1226 705 Eriboea,
1265 652 1304 692 ex

137 733 363 795 inlustrissima
385 736 477 812 gente
500 737 569 794 orta
602 737 663 806 est,
693 753 757 810 qua
789 738 881 811 gente
915 734 1012 795 etiam
1036 737 1230 811 Oenomaus,
1266 737 1305 798 de

138 861 202 919 quo
224 843 352 919 poetam
374 839 409 899 in
432 838 525 900 Eoeis
548 839 647 916 egisse
663 832 821 917 scimus²),
845 845 940 901 natus
963 845 1019 901 est.
1056 841 1154 904 Cuius
1169 846 1306 903 stemma

137 946 198 1007 hoo
221 949 282 1007 est:

288 1051 440 1111 Mars:
463 1048 608 1128 Harpina
630 1049 680 1112 vel
702 1049 871 1129 Harpirma

341 1150 421 1181 p-d

288 1209 537 1270 Oenomaus:
560 1208 689 1288 Sterope
713 1209 763 1271 vel
785 1210 948 1288 Eurythoe
971 1210 1021 1273 vel
1043 1212 1179 1273 Euarete

509 1309 615 1342 ὶ-κ

289 1367 402 1448 Pelops
425 1394 470 1419 =
491 1367 712 1447 Hippodamia

340 1468 448 1503 fl-—s

288 1527 462 1588 Alcathous
485 1553 530 1579 =
552 1528 734 1590 Euaechme

501 1628 607 1661 ὶ-κ

289 1688 442 1748 Telamon
464 1712 510 1739 =
532 1686 681 1748 Periboea

322 1788 482 1823 μ--κ

288 1846 380 1909 Aiax.

226 1990 276 2050 llx
299 1989 385 2050 Eoea
406 1988 503 2067 igitur
525 1988 560 2049 in
583 2007 647 2066 qua
669 1988 766 2049 huius
789 1990 891 2067 gentis
914 2008 962 2051 res
978 1993 1082 2068 gestae
1098 1991 1308 2052 narrabantur

136 2096 215 2156 haec
244 2095 283 2156 de
311 2095 458 2156 Herculis
492 2113 583 2174 prece
618 2093 772 2156 Pindarus
807 2094 1040 2174 deprompsisse
1073 2096 1212 2168 videtum
1252 2096 1308 2159 sed

138 2204 280 2280 pugnam
304 2220 378 2262 cum
402 2201 617 2262 Amazonibus
641 2201 833 2263 conmissam
856 2205 888 2262 et
914 2202 1023 2262 Troiae
1039 2202 1307 2280 expugnationem

137 2305 172 2367 in
196 2325 233 2368 ea
266 2306 405 2385 amplius
439 2311 581 2368 narratas
615 2307 713 2368 fuisse
747 2307 813 2367 veri
847 2306 1099 2368 dissimillimum
1134 2312 1190 2369 est.
1237 2307 1308 2368 Hac

138 2411 235 2489 igitur
257 2412 531 2489 argumentatione
553 2412 625 2474 illos
647 2431 756 2474 versus
780 2433 820 2473 ex
842 2413 935 2473 lloeis
958 2432 1023 2474 non
1050 2418 1213 2493 excerptos
1240 2431 1308 2475 esse

139 2517 216 2579 satis
238 2516 503 2579 demonstravisse
538 2517 619 2578 mihi
652 2518 770 2580 videor.
817 2518 879 2580 sed
903 2518 981 2597 quin
1008 2519 1049 2580 ad
1078 2518 1307 2580 Cinaethonem

138 2642 191 2684 eos
214 2623 398 2696 referamus,
422 2623 504 2683 nihil
527 2622 640 2683 obstat.

228 2729 289 2790 His
311 2728 399 2802 locis,
424 2733 461 2789 ut
484 2748 520 2789 eo
554 2729 640 2789 unde
667 2729 868 2807 investigatio
902 2734 1010 2791 nostra
1044 2730 1083 2791 de
1117 2729 1307 2809 scriptorum

139 2834 331 2896 testimoniis
353 2834 473 2913 incepit
499 2834 677 2907 redeamus,
705 2834 861 2896 accedunt
892 2835 1019 2897 Pindari
1053 2854 1171 2897 versus.
1222 2836 1307 2897 Eum

139 2941 225 3001 enim
250 2939 480 3001 Cinaethonem
514 2940 621 3020 potius
655 2959 753 3018 quam
777 2940 975 3020 scriptorem,
1011 2941 1157 3019 quisquis
1184 2945 1264 3014 erat,
1289 2962 1308 3002 a

140 3065 204 3125 quo
228 3045 366 3106 mutuati
390 3048 466 3107 sunt
480 3045 666 3107 Hellanicus
678 3050 710 3107 et
727 3045 782 3106 alii
805 3047 860 3124 qui
883 3066 1025 3126 pugnam
1048 3066 1122 3108 oum
1143 3047 1307 3108 Amazoni-

139 3152 200 3212 bus
233 3151 427 3212 conmissam
451 3156 482 3212 et
504 3151 664 3212 Hesionae
699 3151 918 3214 liberationem
953 3172 1027 3214 cum
1051 3154 1306 3231 Argonautarum

140 3256 342 3336 expeditione
376 3257 618 3336 coniungebant,
658 3263 803 3319 secutum
841 3277 921 3332 esse,
973 3258 1196 3339 conparatione
1233 3277 1308 3320 cum

140 3362 326 3442 Apollodori
349 3362 428 3424 locis
450 3363 543 3437 facta,
568 3364 775 3443 perspicuum
798 3368 854 3425 est.

228 3469 299 3530 Iam
321 3468 492 3531 verisimile
515 3474 563 3531 est
586 3469 815 3531 Oinaethonem
838 3470 916 3532 alias
940 3488 1065 3548 quoque
1088 3470 1236 3532 Herculis
1259 3490 1308 3532 res

215 3696 233 3760 ¹)
253 3691 293 3750 Of.
313 3693 445 3760 Roscher,
464 3692 592 3760 Lexikcn,
610 3694 639 3761 1,
659 3710 685 3762 p.
706 3695 765 3748 110.
802 3693 843 3748 De
861 3692 985 3748 Aeacidis
1004 3692 1031 3747 in
1050 3692 1190 3762 Gatalogo,
1210 3693 1259 3760 vel,
1279 3697 1309 3747 ut

140 3781 204 3836 mihi
232 3781 341 3851 quidem
369 3781 480 3848 videtur,
507 3782 535 3836 in
554 3781 634 3835 Eceis
662 3782 744 3837 verba
770 3780 846 3835 facta·
869 3797 929 3836 esse
958 3781 1056 3835 scimus
1075 3780 1119 3847 (cf.
1138 3781 1200 3835 Hes.
1221 3781 1306 3851 fragg.

141 3869 282 3925 100-104
309 3869 430 3936 Rzach.);
458 3870 507 3924 sed
535 3868 585 3923 hoc
613 3869 694 3923 etiarn
720 3870 746 3923 in
775 3869 900 3935 carmine,
929 3886 989 3923 cum
1016 3869 1176 3923 Menoetium
1204 3871 1308 3938 patrem

141 3956 259 4013 Patrocli
282 3957 354 4011 Pelei
372 3957 483 4012 fratrem
501 3956 584 4012 fuisse
605 3957 701 4010 dixerit
719 3960 800 4026 poeta
819 3957 897 4026 (frag.
918 3957 990 4024 104),
1014 3956 1160 4011 verisimile
1180 3960 1221 4011 est
1239 3957 1308 4012 inter

138 4045 271 4099 Aeacidas
290 4045 407 4099 nondum
427 4043 599 4099 Telamonem
617 4047 784 4099 numeratum
803 4044 894 4102 fuisse.

212 4133 232 4201 ²)
250 4132 329 4186 Paua
348 4133 392 4199 Vl,
411 4133 455 4199 21,
475 4133 508 4186 10
526 4148 581 4202 sq.·‚
601 4131 712 4187 Hesiodi
731 4131 797 4201 frag.
819 4133 870 4186 165
888 4132 1019 4203 (Rzaoh).
