2910 4650
671 319 893 384 ...74...

290 521 402 599 Olpae:
430 519 531 580 Bcrol.
559 516 657 581 1912:
694 520 837 578 Amazon
873 533 971 596 prope
1005 536 1124 594 equum
1160 515 1201 576 ad
1217 515 1372 577 dextram

196 627 408 706 progreditur;
438 626 593 687 cassidem
629 625 745 685 humili
779 624 875 685 crista
909 629 1053 685 ornatam
1088 627 1120 684 et
1154 622 1234 683 duas
1263 623 1373 684 hastas

196 734 301 807 habet,
326 737 487 813 praeterea
509 733 544 794 in
567 737 653 809 tergo
676 751 833 811 parmam,
858 730 920 792 nisi
948 731 1029 792 forte
1046 730 1281 808 Furtwaengler
1303 751 1371 792 rem

196 846 278 902 recte
302 861 358 919 pro
382 840 512 901 sarcinis
536 838 715 918 explicavit.

290 942 525 1024 Suessulanap:
551 947 693 1007 Amazon
708 944 818 1006 tunica
833 944 929 1018 brevi,
954 944 1059 1019 mitra,
1084 945 1240 1023 pharetra,
1271 944 1373 1006 hastis

196 1053 322 1115 duabus
344 1053 500 1114 instructa
523 1072 641 1130 equum
666 1052 707 1112 ad
723 1051 868 1119 dextram
881 1051 1000 1113 ducens
1022 1051 1163 1131 respicit;
1188 1071 1288 1131 prope
1301 1071 1370 1112 eam

196 1166 243 1222 est
266 1160 382 1240 palma.

290 1267 449 1346 Lecythus
473 1265 616 1327 Durandi
641 1263 720 1327 357:
756 1270 819 1327 tres
855 1267 1031 1326 Amazones
1065 1265 1182 1326 tunicis
1210 1265 1371 1339 brevibus,

197 1375 309 1448 mitris,
327 1372 492 1453 pharetris,
518 1371 618 1433 hastis
641 1372 803 1450 praeditae
826 1393 923 1452 prope
947 1373 1028 1434 duos
1051 1392 1148 1451 equos
1171 1376 1268 1433 stant.

289 1482 400 1542 Patere
423 1479 523 1540 Berol.
550 1476 650 1565 2066:
689 1479 723 1539 in
747 1482 882 1556 utroque
915 1479 1012 1540 latere
1040 1484 1103 1540 tres
1126 1480 1245 1556 figurae
1274 1498 1372 1557 equos

197 1594 305 1667 agunt,
330 1606 466 1666 quarum
490 1605 555 1645 una
578 1584 612 1644 in
636 1584 742 1646 media
765 1584 889 1664 pictura
911 1586 1017 1665 posita
1032 1587 1174 1646 Amazon
1198 1589 1265 1657 est;
1290 1584 1373 1646 inter

196 1715 249 1757 eas
273 1695 354 1756 duae
377 1712 450 1754 aves
473 1692 617 1752 volitant.
654 1692 762 1752 Altera
796 1693 996 1753 Amazonum
1031 1693 1160 1753 mitram
1196 1691 1370 1769 quandam,

196 1801 333 1880 quaein
357 1805 443 1877 tergo
468 1798 634 1877 dependet,
660 1799 758 1859 altera
782 1798 938 1860 cassidem
970 1800 1121 1860 refectam
1156 1798 1245 1876 gerit.
1283 1797 1372 1870 Quae

197 1909 323 1986 figurae,
348 1926 421 1966 cum
449 1906 509 1966 viri
538 1925 611 1966 cum
636 1905 851 1967 Amazonibus
875 1905 1045 1966 consociati
1069 1926 1133 1966 non
1149 1905 1272 1966 ferendi
1297 1905 1370 1978 sint,

196 2035 260 2074 non
284 2033 382 2073 unam
407 2013 565 2091 picturam
578 2013 711 2085 efficere,
737 2011 802 2087 scd,
827 2013 915 2073 velut
938 2031 1031 2091 saepe
1050 2011 1240 2072 animalium
1265 2012 1370 2086 series,

197 2141 261 2182 una
285 2124 357 2200 post
380 2119 511 2179 alteram
537 2117 671 2178 ornandi
694 2119 777 2179 uasis
801 2138 896 2179 causa
919 2118 1041 2197 positae
1065 2138 1132 2180 esse
1155 2119 1316 2180 videntur.

290 2228 452 2288 Postremo
487 2230 597 2286 utrum
631 2225 826 2286 Amazonem
861 2246 902 2285 an
936 2224 1042 2287 virum
1077 2225 1179 2304 pictor
1202 2225 1316 2287 fecerit
1338 2226 1372 2286 in

195 2336 353 2413 ¹amphora
375 2326 647 2409 Vindobonensi²)
670 2352 735 2392 non
758 2332 834 2392 satis
858 2331 1003 2410 adparet3
1040 2332 1141 2409 figura
1175 2332 1262 2393 enim
1290 2351 1374 2411 quae

199 2462 296 2520 prope
319 2459 437 2519 equum
463 2443 585 2499 armata
608 2443 671 2499 stat
694 2438 810 2517 partim
835 2438 917 2511 albo,
942 2437 1060 2517 partim
1083 2439 1172 2516 nigro
1189 2438 1292 2499 colore
1316 2442 1372 2512 est,

198 2553 235 2608 ut
257 2548 410 2608 refectum
435 2565 490 2606 vas
514 2565 581 2606 esse
604 2544 757 2616 videatur.
804 2544 909 2604 Etiam
934 2545 1069 2615 refectae
1085 2544 1234 2605 videntur
1255 2546 1374 2623 figurae

199 2653 278 2715 albo
294 2653 457 2732 pigmento
481 2653 645 2725 coloratae,
672 2651 809 2729 quaein
833 2651 987 2730 amphora
1015 2650 1078 2711 alia
1103 2644 1375 2728 Vindobonensi⁸)

199 2779 297 2837 equos
321 2759 396 2832 viro,
422 2759 534 2837 quiin
558 2758 664 2820 media
687 2757 819 2836 pictura,
856 2757 977 2821 femina
1011 2758 1165 2832 adstante,
1203 2778 1236 2818 se
1259 2762 1373 2830 armat,

199 2867 239 2933 ab
274 2872 408 2944 utraque
443 2870 531 2945 parte
566 2866 743 2937 adducunt;
780 2885 856 2925 nam
880 2866 1056 2926 Amazones
1090 2864 1125 2926 in
1156 2864 1213 2926 tali
1248 2864 1375 2944 pictura

199 2973 416 3052 ineptissimae
439 2977 524 3033 sunt.

291 3076 337 3157 (β)
361 3079 444 3139 Vasa
459 3077 563 3139 rubris
587 3078 695 3155 figuris
719 3078 818 3140 severi
841 3079 962 3156 generis
986 3083 1110 3140 ornata:

292 3186 434 3246 Paterae:
459 3185 592 3245 *Athen
617 3182 696 3247 467:
721 3185 845 3264 pictura
867 3185 901 3245 in
917 3185 1065 3246 interiore
1081 3189 1169 3264 parte
1193 3191 1253 3247 est:
1279 3187 1372 3246 Ama-

199 3313 258 3353 zon
281 3292 322 3360 ad
347 3292 507 3354 sinistram
532 3311 621 3353 versa
644 3296 676 3352 et
698 3291 809 3364 bracis,
835 3292 952 3364 tunica,
967 3291 1070 3366 mitra,
1089 3291 1194 3369 gladio
1217 3292 1375 3355 instructa

200 3399 300 3461 hastis
324 3398 449 3460 duabus
473 3398 599 3470 nititur;
624 3418 722 3478 prope
745 3418 816 3459 earn
840 3403 903 3460 stat
925 3418 1036 3477 equus,
1073 3398 1128 3476 qui
1152 3399 1232 3478 pede
1256 3403 1373 3460 terram

200 3506 292 3567 radit.
436 3564 438 3567 ,
553 3566 558 3573 ,

293 3612 427 3673 Londin.
446 3608 641 3703 E51·(820):
659 3612 693 3672 in
711 3612 819 3672 media
834 3611 958 3690 pictura
971 3614 1113 3673 Amazon
1124 3617 1211 3674 veste
1224 3611 1376 3691 Scythica

272 3805 293 3871 ¹)
314 3802 416 3857 Mitteil.
436 3802 461 3856 d.
482 3802 555 3856 arch.
576 3802 650 3865 lust,
669 3819 752 3857 roem.
774 3802 882 3869 Abteil.,
903 3803 981 3869 1887,
1001 3820 1027 3872 p.
1048 3803 1108 3856 261.

270 3897 292 3962 2)
312 3893 352 3946 De
373 3891 477 3948 Sacken
498 3894 524 3944 et
544 3890 659 3957 Kenner‚
679 3890 869 3961 Sammluugen
890 3890 938 3946 des
957 3891 983 3945 lr.
1004 3891 1029 3946 k.
1050 3891 1155 3946 Muenz-
1173 3891 1229 3947 und
1243 3891 1374 3947 Antiken·

200 3982 329 4049 catinets,
353 3999 378 4050 p.
399 3981 459 4046 206,
479 3996 522 4034 no.
544 3980 589 4046 17;
617 3978 658 4033 De
678 3979 705 4032 la
722 3979 819 4046 Borde,
848 3978 996 4034 collection
1016 3980 1064 4035 des
1083 3966 1160 4036 vases
1179 3980 1265 4035 Grecs
1283 3980 1319 4034 dc
1337 3980 1373 4036 Μ.

200 4071 225 4126 le
244 4070 337 4126 Oomte
355 4070 389 4124 dc
407 4068 547 4138 Lamberg,
565 4067 599 4134 11,
617 4084 643 4137 p.
665 4069 689 4122 1.

271 4162 292 4227 ⁸)
311 4158 352 4213 De
371 4157 477 4214 Sacken
497 4159 524 4212 et
544 4157 659 4224 Komar,
677 4157 695 4212 l.
714 4156 742 4225 1.,
760 4173 787 4226 p.
809 4156 869 4218 184,
887 4173 931 4212 no.
952 4158 1024 4222 197„
