2910 4650
683 306 887 371 ..46-

295 500 383 572 uuae
406 500 570 574 sententia,
600 519 795 578 quamquam
820 500 961 579 speciosa
989 505 1045 572 est,
1084 505 1193 560 tamen
1232 499 1375 560 dubitari

206 610 318 685 potest,
354 625 433 666 num
467 625 541 666 vera
574 605 624 667 sit.
648 605 792 666 Primum
826 605 913 666 enim
947 604 1128 678 Pausaniae,
1164 604 1284 684 quippe
1319 604 1375 682 qui

206 730 333 772 carmen
354 705 420 771 ter¹
443 711 510 773 sine
533 711 669 772 auctoris
691 711 820 772 nomine
843 710 1020 784 conlaudet,
1044 730 1162 771 nomen
1183 713 1296 790 poetae
1319 709 1376 787 qui

206 817 320 878 Nostos
344 815 487 877 condidit
519 815 710 892 ignoravisse
742 816 876 879 videtur.
923 816 1055 877 Accedit
1090 816 1176 894 quod
1198 815 1375 876 narratiun-

206 922 278 982 cula
300 921 470 999 antiquum
496 902 623 982 carmen
646 922 780 983 minime
802 916 959 1000 redolet²).
986 921 1168 983 Postremo
1204 921 1230 983 si
1265 920 1376 982 fabula

205 1027 261 1088 illa
283 1047 300 1087 e
323 1027 429 1089 Nostis
453 1027 641 1107 deprompta
663 1032 753 1101 esset,
789 1027 920 1106 vestigia
954 1027 1021 1090 eius
1044 1027 1130 1107 apud
1153 1027 1321 1106 scriptores
1345 1030 1377 1087 et

206 1133 340 1212 pictores
363 1133 491 1212 reperiri
519 1137 786 1212 exspectaremus;
822 1152 903 1211 quae
926 1133 1020 1212 plane
1043 1133 1132 1193 nulla
1164 1132 1374 1211 reperiuntur.

206 1239 271 1299 Vas
294 1238 379 1298 enim
408 1238 543 1298 Londin.
567 1238 595 1298 Ε
618 1236 680 1300 351
706 1231 834 1316 (873)⁸),
859 1237 946 1316 quod
968 1238 1152 1300 Welckerus
1175 1237 1216 1299 ad
1232 1237 1375 1299 Themis-

206 1363 297 1421 cyrae
319 1343 532 1423 proditionem
548 1344 710 1417 referebat
735 1345 911 1404 Amazones
931 1344 965 1405 in
980 1363 1121 1423 pugnam
1138 1342 1375 1422 progredientes

206 1449 344 1522 exhibet,
379 1467 481 1527 neque
503 1449 545 1510 ad
567 1469 634 1509 rem
657 1449 802 1529 pertinet.
849 1448 1004 1528 Equinti
1027 1449 1144 1511 saeculi
1167 1448 1375 1528 scriptoribus

206 1554 313 1616 nullus
342 1560 398 1628 est,
424 1554 479 1632 qui
502 1554 624 1632 aliquid
647 1554 750 1616 simile
773 1554 880 1616 tradit.
930 1554 1099 1634 Euripides
1132 1554 1262 1633 quidem
1297 1555 1376 1616 haec

205 1652 347 1737 babet⁴):

633 1745 707 1831 φημὶ
731 1746 790 1831 γάρ
812 1766 885 1808 ποτε

433 1849 585 1936 σύμπλους
604 1848 747 1931 γενέσθαι
769 1849 856 1912 τῶνδ’
882 1847 1052 1922 ὑπασπίζων
1075 1847 1168 1934 πατρί

438 1955 579 2043 ζωστῆρα
609 1954 703 2042 Θησεῖ
722 1957 772 2018 τὸν
796 1953 975 2018 πολυκτόνον
993 1953 1083 2038 μέτα.

295 2081 357 2142 Sed
381 2081 462 2142 nihil
485 2082 524 2143 de
540 2082 762 2160 Themiscyrae
785 2080 963 2159 proditione
986 2080 1072 2142 dicit.
1120 2079 1261 2152 Quodsi
1285 2098 1376 2157 quae·

207 2206 323 2260 ramus,
358 2185 444 2247 unde
476 2187 632 2261 habuerit,
668 2187 764 2248 nobis.
795 2186 829 2246 in
869 2186 1056 2247 memoriam
1095 2186 1191 2259 venit,
1228 2184 1376 2245 Phidiam

206 2292 364 2354 Theseum
391 2292 473 2353 inter
496 2292 644 2354 Herculis
678 2291 809 2353 comites
844 2295 953 2352 contra
975 2293 1151 2353 Amazones
1180 2294 1377 2370 pugnantem

206 2397 240 2457 in
263 2398 283 2460 J
284 2397 351 2458 ovis
374 2397 517 2476 Olympii
532 2398 647 2458 throno
662 2398 782 2472 fecisse,
800 2403 831 2459 et
846 2397 1031 2458 Panaenum
1046 2397 1080 2458 in
1097 2397 1240 2458 eiusdem
1256 2394 1377 2474 templo
1440 2471 1442 2476 Ι

207 2503 365 2563 Theseum
400 2506 432 2563 et
465 2502 642 2564 Pirithoum
671 2504 812 2584 pinxisse
821 2497 857 2582 ⁸);
894 2522 976 2580 quae
1009 2502 1143 2582 pictura,
1179 2520 1377 2579 quamquam

208 2607 287 2668 duas
310 2607 414 2669 solum
438 2608 553 2686 figuras
576 2610 690 2672 Thesei
712 2615 744 2670 et
758 2608 891 2670 Pirithoi
914 2627 985 2669 eam
1009 2607 1191 2669 exhibuisse
1205 2605 1378 2668 verisimile

207 2718 263 2787 est,
288 2718 397 2774 tamen
425 2713 467 2774 ad
490 2714 584 2775 illum
607 2715 648 2776 ad
670 2715 788 2793 inferos
805 2713 992 2775 descensum
1015 2712 1107 2773 facile
1130 2712 1238 2773 referri
1261 2711 1377 2791 potuit,

207 2818 364 2897 equibus
386 2825 497 2899 postea
522 2819 675 2880 Hercules
697 2819 838 2879 amicum
873 2837 968 2880 suum
996 2817 1116 2878 eduxit.
1163 2819 1269 2895 Atque
1303 2836 1377 2877 cum

206 2924 358 2985 hocloco
384 2925 561 3005 Euripides,
597 2929 767 3003 postquam
790 2923 854 2984 duo
877 2922 1024 2984 Herculis
1046 2922 1195 2997 facinora,
1232 2941 1376 3002 pugnarn

207 3034 316 3091 contra
339 3034 514 3091 Amazones
537 3034 569 3090 et
591 3031 749 3092 Theseum
777 3047 817 3089 ex
842 3028 952 3091 inferis
975 3028 1137 3102 eductum,
1161 3047 1376 3090 conmemora-

206 3135 261 3210 vit,
285 3137 389 3199 verbis
407 3128 508 3199 Ἑλλὰς
529 3134 610 3193 πᾶσα
634 3132 721 3196 τοῦτο
738 3132 894 3216 μαρτυρεῖ
910 3138 1028 3207 utatur,
1064 3133 1245 3195 coniectura
1267 3134 1372 3196 facilis

208 3246 256 3304 est
288 3241 330 3302 ad
357 3260 393 3301 ea
415 3260 510 3320 opera
542 3241 577 3302 in
599 3240 855 3320 frequentissimo
878 3239 1027 3300 Graeciae
1060 3239 1180 3318 templo
1214 3240 1378 3319 proposita

208 3367 282 3408 eum
306 3350 454 3426 spectare,
490 3346 674 3426 praesertim
702 3365 777 3407 eum
810 3345 845 3405 in
867 3344 1046 3406 Heraclidis
1081 3363 1155 3405 eum
1178 3344 1305 3424 saepius
1329 3364 1378 3406 res

208 3570 265 3638 (ubi
283 3571 347 3625 dicit
366 3571 474 3626 dubium
493 3587 554 3627 esse
573 3575 659 3627 utrum
678 3587 693 3626 e
711 3569 803 3626 Nostis
826 3587 861 3625 an
884 3585 918 3625 ex
938 3569 1047 3624 Atthide
1065 3568 1210 3639 Hegesinoi
1228 3567 1378 3623 Pausanias

208 3658 348 3726 hauserit).

281 3749 299 3815 ¹)
318 3748 397 3803 Paua
416 3746 449 3813 X,
467 3747 541 3814 2853
561 3747 637 3814 29,6;
655 3749 724 3814 30,5.

279 3836 300 3903 ²)
318 3834 350 3890 U.
370 3835 404 3889 de
423 3833 804 3903 Wilamowitzdloellendorff,
820 3835 897 3891 Hom.
916 3833 1164 3902 Untersuchungen,
1183 3849 1210 3902 p
1229 3833 1291 3888 342.

278 3925 300 3992 ⁸)
320 3923 385 3977 Vide
403 3921 481 3986 infra,
501 3938 527 3991 p.
546 3923 588 3977 64.

279 4011 300 4079 ⁴)
319 4009 452 4064 Heraclid.
471 4026 524 4064 vss.
544 4011 598 4064 215
617 4027 676 4080 sqq.

234 4152 237 4157 .
279 4098 396 4176 ⁶)Paus.
416 4097 588 4166 V,11,4-5.
654 4169 657 4173 ἦ
