2910 4650
607 291 827 359 ..40-

136 490 267 552 omnino
301 509 365 550 non
399 488 499 567 liquet
508 481 542 571 ¹).
590 489 693 550 Causa
721 489 817 566 igitur
846 508 911 550 non
944 492 1002 563 est,
1023 507 1080 550 cur
1105 490 1151 552 ab
1174 490 1240 553 illo
1262 491 1316 554 hos

136 614 244 657 versus
260 594 404 657 conditos
427 612 494 655 esse
510 599 669 673 putemus.

228 701 334 761 Altera
356 703 405 762 est
427 699 584 761 sententia
605 692 814 777 Luebberti,²)
836 719 932 778 quem
953 699 1112 763 Rzachius
1128 697 1317 781 sequitur’)

137 808 171 868 ls
199 810 292 885 putat
325 806 498 868 frustulum
533 805 614 866 illud
648 825 688 867 ex
711 803 844 867 Hesiodi
878 806 1001 884 magnis
1035 807 1133 869 Eoeis
1168 807 1315 871 fluxisse.

141 914 182 973 At
204 931 318 992 parum
341 916 424 973 recte
457 910 536 973 dicit
568 930 676 973 versus
710 912 744 971 in
778 930 815 972 eo
838 911 990 986 carmine,
1014 912 1140 990 inquo
1163 914 1316 977 Herculis
1359 986 1361 997 Ι

139 1018 269 1095 eiusque
293 1017 447 1079 comitum
462 1035 511 1078 res
526 1022 630 1094 gestae
646 1016 794 1096 ampliter
817 1022 849 1078 et
864 1017 1002 1079 dilucide
1017 1023 1187 1080 enarratae
1200 1024 1331 1094 essent,⁴

139 1123 400 1186 adcommodatas
423 1127 455 1184 et
478 1126 568 1201 aptos
592 1123 699 1185 fuisse.
746 1122 830 1183 Nam
853 1141 927 1184 cum
954 1123 989 1184 in
1015 1142 1081 1184 uno
1107 1124 1162 1186 vel
1188 1124 1316 1188 duobus

140 1228 236 1291 modo
258 1228 348 1291 libris
371 1234 465 1309 poeta
488 1229 526 1289 de
549 1228 660 1290 multis
682 1227 830 1307 gentibus
852 1228 1023 1304 nobilibus,
1048 1248 1132 1307 quae
1156 1230 1280 1312 stirpes
1299 1252 1316 1292 a

140 1333 328 1396 mortalibus
351 1334 480 1396 feminis
495 1353 515 1395 a
530 1333 591 1395 diis
606 1333 721 1395 amatis
732 1333 925 1412 repetebant,
938 1324 1147 1410 fabularetur,
1164 1337 1316 1417 ampliter

141 1449 174 1502 st
196 1439 335 1501 dilucide
358 1458 460 1518 neque
484 1439 523 1500 de
546 1439 683 1501 Hercule
706 1458 808 1518 neque
837 1439 877 1501 de
904 1439 971 1501 ullo
998 1439 1061 1501 alio
1087 1440 1159 1502 viro
1186 1462 1316 1504 narrare

141 1551 273 1627 poterat.
316 1547 411 1608 Recte
434 1545 530 1625 igitur
556 1546 617 1608 Ud.
653 1544 692 1607 de
715 1545 925 1607 Wilamowitz
958 1551 1053 1625 negat
1079 1547 1237 1611 Herculis
1272 1568 1317 1611 res

141 1656 244 1732 gestas
267 1670 378 1714 omnes
401 1651 510 1713 ordine
544 1652 585 1713 ab
613 1651 754 1714 Hesiodo
788 1656 993 1731 pertractatas
1020 1649 1159 1731 iuisse.⁴)
1206 1655 1317 1734 Neque

142 1759 168 1819 si
192 1777 245 1820 aas
268 1758 483 1832 enarravisset,
507 1758 679 1820 Herculem
701 1758 809 1838 ipsum
825 1758 865 1819 de
880 1758 926 1819 eis
940 1762 1008 1819 tam
1020 1758 1172 1837 ampliter
1186 1759 1316 1839 loquen-

143 1870 218 1938 tem,
242 1884 340 1943 quam
356 1864 383 1925 is
407 1864 462 1942 qui
484 1864 556 1925 illos
578 1883 687 1926 versus
710 1864 929 1943 pronuntiavit
950 1863 1076 1925 locutus
1092 1882 1163 1925 esse
1177 1864 1316 1940 videtur,

143 1970 245 2031 lacere
284 1969 447 2049 potuisset.
505 1968 598 2040 Quod
637 1970 713 2031 huic
751 1969 993 2032 contradictioni
1030 1988 1200 2033 occurrens
1243 1971 1318 2034 dicit

144 2074 349 2145 huchbertus,
370 2076 470 2136 Eoeas
494 2073 627 2154 quoque'
644 2075 824 2136 orationum
839 2075 1017 2137 luminibus
1033 2074 1203 2138 distinctas
1219 2078 1318 2140 fuisse

144 2181 335 2243 documento
362 2200 429 2242 esse.
452 2180 542 2241 Pind.
567 2181 645 2242 Isth.
671 2182 709 2254 V,
733 2201 795 2243 vss.
820 2180 962 2255 35-36,
986 2180 1020 2242 id
1046 2180 1129 2242 nihil
1144 2187 1205 2244 est.
1237 2184 1318 2245 Nam

145 2293 183 2350 ut
205 2285 290 2367 apud
314 2287 497 2359 Pindarum,
520 2286 566 2348 ita
587 2287 622 2348 in
645 2288 738 2349 Eoeis
760 2287 831 2367 ipsa
857 2287 1005 2348 Herculis
1032 2288 1195 2368 precantis
1223 2290 1318 2351 verba

147 2393 246 2454 relata
268 2393 366 2454 tuisse
390 2411 453 2453 aon
476 2397 614 2463 constatr
643 2393 750 2472 potuit
784 2392 916 2472 quidem
950 2397 1044 2472 poeta
1076 2411 1145 2453 rem
1181 2394 1319 2457 breviter

146 2517 281 2560 narrare.
328 2500 433 2576 Atque
460 2497 487 2559 si
516 2498 686 2560 Herculem
720 2499 828 2577 ipsum
863 2503 1046 2578 precantem
1075 2498 1318 2574 introduxisset,

147 2590 259 2666 tamen*
279 2604 373 2684 plane
406 2602 494 2664 aliud
529 2609 577 2665 est
599 2623 677 2683 prex
701 2603 805 2666 brevis
838 2624 875 2665 ac
898 2604 992 2683 longa
1019 2603 1060 2666 de
1087 2603 1202 2666 multis
1223 2606 1318 2668 rebus

149 2711 297 2772 narratio.
356 2712 399 2771 At
421 2709 506 2771 dicet
539 2709 714 2789 quispiam:
751 2709 942 2771 scholiastes
965 2709 1007 2771 ad
1033 2708 1124 2770 Pind.
1152 2708 1237 2772 Isth.
1264 2711 1317 2785 VI,

148 2814 193 2880 53
216 2815 315 2878 tradit
337 2815 608 2877 narratiunculam
631 2815 671 2876 de
693 2834 785 2894 prece
807 2815 956 2877 Herculis
978 2835 1018 2876 ex
1040 2815 1134 2876 Eoeis
1149 2814 1317 2897 depromp-

149 2930 217 2984 tam
239 2940 315 2983 esse.
362 2920 562 2993 Quiritum?
586 2920 672 2981 Num
706 2936 855 2999 eaquae
888 2926 983 2982 antea
1015 2920 1093 2982 dicit
1114 2925 1246 3000 poetam
1281 2942 1318 2984 ex

150 3026 263 3089 etalem
285 3027 373 3088 fonte
407 3026 550 3088 hausisse
582 3045 709 3089 necesse
743 3027 813 3088 est?
849 3024 958 3089 Immo
979 3046 1063 3101 vero,
1094 3025 1131 3087 id
1162 3026 1222 3088 vix
1255 3027 1318 3089 vari

150 3133 254 3195 simile
288 3142 345 3194 est
396 3131 491 3193 Illam
523 3133 611 3193 enim
645 3132 915 3193 narratiunculam
949 3131 992 3193 ad
1025 3132 1177 3193 maiorem
1213 3132 1319 3194 Aiacis

151 3238 332 3300 Telamonis
355 3238 414 3299 filii
435 3237 568 3317 gloriam
591 3238 755 3299 inventam
782 3257 851 3300 esse
884 3238 1093 3299 manifestum
1126 3240 1185 3309 est,
1209 3238 1257 3298 ita
1284 3241 1319 3298 ut

151 3365 169 3405 e
191 3345 261 3405 loto
283 3343 433 3422 quodam,
457 3344 492 3405 in
508 3343 620 3422 quoia,
643 3363 702 3405 nec
713 3344 867 3405 Hercules
889 3363 948 3405 nec
964 3343 1126 3415 Telamon,
1149 3343 1319 3423 praecipue

151 3449 378 3524 celebrabatur,
401 3449 591 3530 deprompta
624 3467 692 3511 esse
724 3448 878 3511 rideatur.
925 3449 1001 3510 Veri
1022 3454 1130 3509 autem
1164 3446 1319 3511 dissimile

152 3562 200 3617 est
223 3555 402 3618 Hesiodum
425 3555 465 3617 de
487 3554 669 3617 Telamonis
691 3554 798 3635 stirpe,
822 3573 897 3616 cum
909 3555 943 3615 in
965 3552 1189 3633 antiquissima
1211 3553 1319 3616 fabula

152 3680 186 3687 .-
224 3715 246 3771 ¹l
263 3709 305 3765 De
323 3709 475 3779 Hegesinoo
501 3724 612 3779 prorsus
639 3708 705 3763 nihil
731 3709 831 3763 seimus
857 3708 909 3762 nisi
931 3723 1054 3778 eaquae
1079 3707 1158 3762 Paua
1182 3706 1230 3775 lX,
1257 3708 1318 3774 29,1

153 3797 246 3869 traditq
263 3797 318 3852 alia
336 3797 426 3851 omnir
444 3813 513 3868 quae
531 3796 565 3851 de
583 3813 617 3851 eo
634 3796 851 3865 excogitaverunt
869 3795 918 3850 rin·
935 3795 1008 3850 dodi
1026 3794 1203 3849 fundamento
1220 3796 1318 3850 carent

225 3890 248 3953 ⁸)
265 3885 399 3941 larebbert
417 3885 451 3940 de
469 3885 577 3940 Pindari
605 3884 701 3940 studiis
723 3882 865 3939 Hesiodeis
882 3894 910 3938 et
928 3883 1085 3949 Homericis,
1103 3884 1225 3949 Borma,
1243 3883 1318 3948 1881,

153 3991 182 4045 μ
200 3976 378 4115 lqldlqedodi
396 4077 464 4131 quae
482 4060 603 4115 teruntur
621 4061 713 4115 onnia
730 4076 784 4115 rer.
803 4059 911 4120 Rneh..
929 4076 957 4129 p.
977 4059 1037 4113 197.

227 4152 250 4219 ⁴)
268 4148 300 4204 [ἶ
319 4148 353 4205 de
371 4146 751 4204 Wilamosiuloellcndmtl.
769 4146 911 4218 Euripides
929 4146 1069 4214 Herakles,
1086 4146 1108 4213 l,
1125 4161 1152 4215 p
1169 4147 1232 4200 ³11,
