2910 4650
620 316 828 384 ..55-

135 515 377 580 distribuendae
392 514 551 591 videntur,
576 535 713 594 quarum
729 516 827 577 altera
850 535 992 594 pugnam
1015 518 1217 577 Amazonum
1240 535 1314 578 curn

136 624 224 698 viris,
261 624 360 685 altera
393 643 534 703 pugnam
569 622 710 684 virorum
743 622 826 683 inter
854 642 888 685 se
921 622 1146 685 dimicantium
1170 624 1315 711 exhibet3

137 751 203 811 quo
226 730 324 792 modo
347 729 565 808 Inghiramius
588 729 679 803 forte,
703 733 741 790 ut
763 729 903 808 adparet,
917 729 1024 809 potius
1048 750 1146 809 quam
1170 732 1315 792 consulto
1403 783 1407 791 .

136 839 222 900 fecit.
270 837 381 915 Neque
397 835 512 910 obstat,
537 835 624 913 quod
639 836 782 915 picturae
797 836 887 896 nullo
910 836 1006 897 modo
1022 836 1200 900 disiunctae
1224 844 1313 910 sunt;

137 945 257 1007 similia
272 943 359 1004 enim
375 942 452 1004 alibi
468 935 680 1021 reperimus.¹)
712 941 895 1003 Similitudo
912 962 985 1003 vero
1001 943 1175 1021 figurarum
1186 941 1327 1005 illarum¹

138 1056 170 1113 et
196 1053 397 1112 Amazonum
424 1049 506 1110 mira
533 1053 589 1110 est.
642 1046 729 1119 Quae
752 1048 884 1110 fortasse
912 1049 958 1110 ita
981 1050 1171 1129 explicanda
1193 1056 1250 1126 est,
1279 1055 1315 1112 ul

138 1159 241 1238 pictor
256 1159 435 1218 Amazones
446 1155 481 1215 in
492 1159 627 1232 utroque
638 1154 735 1215 latere
746 1154 920 1217 describere
932 1156 1075 1236 primum
1087 1158 1232 1233 voluerit,
1244 1163 1317 1220 tum

139 1263 272 1326 consilio
291 1267 427 1336 mutato,
444 1261 527 1323 viros
543 1261 626 1321 inter
648 1279 681 1321 se
697 1265 874 1339 pugnantes
890 1264 924 1323 in
940 1262 1039 1324 altera
1054 1264 1178 1342 pictura
1194 1265 1312 1327 lecerit.

227 1369 355 1449 Hydria
376 1368 512 1429 Londin.
537 1370 563 1430 B
589 1364 651 1428 107
675 1361 810 1445 (472):²)
825 1368 859 1428 in
875 1370 983 1431 media
997 1370 1122 1449 pictura
1137 1371 1229 1432 miles
1247 1371 1313 1432 bar·

139 1478 234 1539 batus
257 1475 428 1537 Amazonis
452 1475 570 1536 mortui
594 1493 707 1553 corpus
731 1474 873 1536 humeris
897 1475 937 1535 ad
961 1476 1107 1538 dextram
1129 1481 1249 1556 portat,
1281 1497 1318 1538 ea

137 1584 249 1646 tunica
259 1581 358 1656 brevi,
374 1566 511 1656 thorace,
528 1580 642 1658 gladic,
660 1581 795 1656 armilla,
809 1578 976 1664 ἐπισφυρίῳ
992 1583 1136 1662 praedita
1147 1589 1204 1656 est;
1219 1604 1317 1664 prope

138 1710 193 1752 eos
228 1695 276 1752 est
300 1692 427 1751 scutum
451 1688 631 1762 Amazonis,
656 1692 693 1748 ut
716 1686 850 1749 videtur.
901 1689 990 1749 Alter
1013 1690 1104 1751 miles
1128 1690 1317 1752 antecedens
1405 1708 1407 1712 ’

139 1797 279 1878 respicit,
304 1814 442 1875 quocum
471 1794 651 1872 sagittarius
681 1794 831 1856 barbatus
854 1795 982 1856 incedit.
1035 1796 1074 1856 In
1103 1797 1202 1858 altera
1229 1801 1318 1876 parte

139 1904 233 1966 miles
262 1904 468 1975 Amazonem,
498 1920 579 1979 quae
607 1901 734 1963 hastam
765 1903 960 1964 confractam
989 1902 1101 1964 dextra
1128 1910 1239 1966 tenens
1269 1924 1317 1966 su-

143 2011 223 2091 pina
246 2026 359 2071 casura
386 2012 442 2082 est,
467 2007 560 2069 hasta
586 2008 737 2087 percutit3
768 2009 797 2069 ei
825 2009 866 2070 ad
890 2009 1040 2070 dextram
1064 2030 1171 2073 versae
1198 2011 1233 2073 in
1261 2011 1318 2072 hu-

143 2136 232 2178 mero
267 2113 392 2194 pedem,
428 2118 465 2175 ut
490 2133 561 2174 eam
596 2114 764 2194 deprimat,
799 2116 915 2195 posuit.
952 2116 1058 2188 Quam
1086 2117 1244 2196 picturam
1278 2117 1318 2177 de

142 2222 277 2285 Wittius
300 2220 460 2281 Achillem
483 2221 699 2283 Penthesileae
734 2242 848 2301 corpus
872 2224 1069 2283 auferentem
1093 2243 1159 2285 esse
1173 2224 1316 2303 putavit,

141 2327 358 2392 Overbeckius
381 2327 422 2388 ad
446 2327 560 2389 Thesei
583 2347 724 2407 pugnam
748 2331 861 2388 referre
884 2329 962 2389 vult.
1015 2330 1058 2389 At
1081 2329 1220 2392 Theseus
1244 2349 1317 2390 cum

143 2434 361 2498 Amazonibus
384 2453 530 2513 pugnans
559 2435 593 2495 in
626 2434 759 2514 picturis
788 2439 855 2495 tam
885 2435 1025 2514 antiquis
1054 2456 1119 2497 non
1148 2436 1316 2516 reperitur;

142 2548 239 2622 atque
268 2561 343 2603 cum
371 2540 405 2600 in
433 2541 624 2620 Aethiopide
648 2541 806 2602 Achillem
831 2562 945 2621 corpus
968 2542 1194 2617 Penthesileae,
1220 2563 1318 2622 quam

143 2648 322 2713 secundum
345 2648 493 2708 Proclum
517 2648 643 2709 Troiani
667 2649 889 2727 sepeliverunt,
914 2649 1083 2711 abstulisse
1107 2669 1171 2710 non
1194 2649 1260 2711 veri
1280 2650 1317 2712 si-

144 2757 220 2818 mile
249 2755 300 2830 sit,
329 2754 427 2816 etiam
455 2755 552 2816 altera
581 2755 738 2816 sententia
766 2756 847 2817 falsa
878 2755 1012 2817 videtur.
1070 2756 1197 2817 Pictura
1223 2755 1319 2834 igitur

144 2864 282 2925 militem
305 2864 499 2923 Amazonem
524 2860 725 2937 trucidatam,
750 2868 786 2924 ut
809 2882 880 2924 eam
903 2863 1060 2924 victorum
1084 2882 1171 2923 more
1195 2862 1318 2943 spoliet,

145 2974 361 3051 asportantem
385 2969 524 3030 exhibet.

234 3077 376 3137 Paterae:
407 3076 588 3154 Campanae
618 3074 717 3138 1127:
753 3077 788 3136 in
815 3082 950 3156 utroque
978 3077 1075 3139 latere
1101 3082 1167 3139 tres
1201 3076 1320 3137 milites

146 3204 220 3246 cum
243 3181 346 3244 tribus
376 3182 592 3243 Amazonibus
615 3188 771 3261 pugnant3
802 3183 862 3245 sub
891 3190 1026 3263 utraque
1054 3204 1132 3245 ansa
1158 3183 1226 3245 avis
1264 3184 1319 3243 hu-

146 3310 243 3352 mano
266 3289 369 3369 capite
392 3289 545 3368 praedita.

236 3397 322 3457 Olim
338 3396 491 3476 principis
508 3389 671 3474 Oaninoz³l
694 3416 759 3457 una
782 3401 813 3457 et
836 3397 949 3474 viginti
973 3397 1090 3474 figurae
1114 3400 1197 3458 sunt.

235 3499 413 3582 Virceb.:⁴).
433 3509 504 3565 octa
526 3505 615 3583 paria
642 3503 742 3564 hastis
767 3503 975 3580 proeliantur;
1012 3522 1110 3582 prope
1133 3521 1234 3563 unum
1264 3522 1321 3582 par

145 3611 226 3673 alter
248 3611 340 3673 miles
363 3611 490 3673 hastam
513 3610 625 3671 vibrat.

219 3750 241 3816 ι)
260 3747 301 3803 (lt
321 3748 390 3802 uon,
412 3747 473 3802 dell’
492 3748 566 3815 lust,
586 3747 645 3814 Xll,
663 3747 763 3813 raas,
783 3747 848 3801 llus.
870 3746 959 3816 Greg,
978 3747 1019 3814 ll,
1038 3748 1092 3803 tab.
1103 3746 1162 3812 44,1
1184 3747 1220 3830 (v.
1232 3761 1322 3814 supra,

147 3855 173 3909 p·
192 3837 382 3995 2ii'pumnffi
401 3926 466 3993 390;
485 3925 631 3992 Overbeck‚
650 3924 719 3980 Gall.
741 3927 795 3980 her.
816 3925 915 3991 Bildw,
934 3941 961 3996 p.
981 3925 1041 3979 505.

218 4019 242 4085 ⁸)
262 4012 324 4070 Res.
343 4014 409 4083 Etr,
428 4031 453 4084 p.
472 4015 515 4081 20,
534 4031 577 4069 no.
597 4017 622 4070 5.

220 4106 241 4173 ⁴)
261 4103 447 4181 Verzeichniss
471 4104 517 4158 der
541 4103 764 4158 Antikensamml.
785 4104 832 4158 der
852 4102 927 4157 Univ.
944 4102 1115 4178 ll'uerzburg,
1136 4103 1215 4169 1865,
1233 4118 1259 4170 p.
1279 4103 1323 4170 52,

147 4209 192 4249 no.
211 4193 265 4249 104

1127 4263 1145 4316 ὁ
