2910 4650
678 299 897 364 ..64-

291 493 461 556 Oenochca
482 492 607 555 Virceb.
631 491 711 555 217:
733 495 876 555 Amazon
898 495 1027 556 mitrata
1049 499 1108 557 est.

291 598 358 678 (10)
384 600 473 660 Duae
500 601 677 660 Amazones
704 599 850 675 militem,
883 601 939 678 qui
966 601 1048 661 inter
1076 620 1128 662 eas
1161 600 1255 661 humi
1284 599 1379 675 iacet,

207 706 308 768 hastis
331 705 522 784 percutiunt.

292 811 461 872 Oenochoa
488 811 610 871 Monac.
646 810 725 875 424:
761 830 826 872 una
857 814 1001 872 Amazon
1032 810 1147 890 pedem
1179 811 1215 871 in
1249 810 1380 873 hostem

203 918 350 997 imponit.

291 1023 357 1101 (ll)
380 1024 451 1084 Duo
474 1022 697 1084 dimicantium
721 1022 810 1101 paria
833 1027 917 1084 sunt.

291 1130 455 1208 Amphora
466 1128 737 1208 Neapol.0uman.
755 1129 834 1192 204:
852 1148 917 1189 una
932 1130 1132 1190 Amazonum
1147 1129 1286 1191 humum
1309 1131 1377 1190 iam

202 1236 333 1297 cecidit.

291 1341 357 1420 (12)
368 1342 512 1402 Picturae
525 1359 606 1419 quae
617 1340 784 1419 conplures
807 1340 1032 1401 dimicantium
1055 1341 1171 1419 figuras
1194 1342 1375 1403 continent:

290 1448 456 1526 Amphora
482 1447 585 1509 musei
613 1446 723 1508 Stvres
751 1443 808 1508 57:
821 1440 841 1523 ¹)
863 1447 982 1524 figurae
1004 1449 1040 1508 in
1067 1447 1193 1510 duobus
1221 1448 1375 1511 lateribus

202 1555 269 1616 sinc
293 1553 505 1616 disiunctione
528 1552 671 1632 depictae
694 1558 778 1615 sunt.
831 1553 869 1613 In
892 1572 957 1614 uno
979 1553 1077 1615 latere
1099 1554 1192 1615 miles
1220 1553 1262 1614 ad
1285 1554 1375 1616 sinis-

201 1665 284 1721 tram
306 1679 415 1722 versus
431 1679 506 1720 eum
521 1658 653 1721 adversa
668 1661 829 1720 Amazone
851 1658 991 1736 (collare;
1010 1660 1104 1722 crista
1118 1659 1264 1738 humilis)
1280 1679 1375 1739 super

201 1767 338 1829 militem
352 1767 555 1835 vulneratum
578 1764 628 1826 vel
644 1770 807 1826 mortuum
823 1769 953 1844 pugnat.
1000 1766 1087 1829 Inter
1103 1785 1155 1828 eos
1171 1765 1271 1827 altera
1279 1768 1374 1827 Ama-

202 1893 260 1934 zon
283 1874 395 1947 bracis,
419 1876 507 1934 veste
529 1872 698 1945 manicata,
723 1871 827 1945 mitra,
852 1871 1001 1950 pharetra
1023 1872 1179 1934 instructa
1207 1875 1238 1932 et
1262 1871 1376 1934 dextra

200 1998 300 2040 manu
316 1978 451 2039 securim
476 1979 598 2037 iactans
622 1976 663 2036 ad
678 1977 842 2039 sinistram
865 1996 961 2056 super
976 1997 1092 2057 corpus
1107 1977 1190 2039 illud
1206 1979 1372 2040 transsilit.

200 2085 240 2144 In
263 2083 375 2145 dextra
396 2088 485 2163 parte
508 2082 601 2143 tertia
624 2083 766 2142 Amazon
789 2083 830 2144 ad
854 2082 1000 2144 dextram
1023 2103 1114 2146 versa
1136 2083 1244 2162 (crista
1269 2084 1374 2144 humi·

200 2191 252 2268 lis)
274 2196 421 2269 quartam
437 2188 603 2249 cadentem
618 2187 755 2265 (collare)
778 2188 870 2250 hasta
892 2194 923 2250 et
946 2209 1058 2268 parma
1081 2189 1234 2263 defendit,
1264 2209 1374 2268 quam-

201 2316 298 2374 quam
321 2296 422 2358 hostis
437 2295 545 2356 nullus
569 2294 671 2365 adest;
697 2313 747 2368 ea,
768 2314 896 2374 corpore
919 2295 961 2356 ad
977 2295 1138 2357 sinistram
1161 2315 1261 2369 versa,
1286 2296 1374 2358 brac-

201 2403 272 2463 chio
296 2401 422 2463 sinistro
450 2401 555 2462 nitens
583 2404 679 2480 caput
705 2405 787 2461 retro
816 2400 919 2462 vertit.
969 2401 1009 2460 In
1039 2402 1166 2463 sinistra
1193 2406 1284 2480 parte
1315 2403 1375 2464 sub

199 2528 278 2570 ansa
299 2508 391 2569 miles
414 2507 565 2568 barbatus
589 2506 789 2568 dextrorsum
813 2526 941 2567 currens
964 2507 1052 2568 etin
1075 2527 1160 2586 genu
1189 2507 1308 2569 cadens
1333 2509 1374 2569 ad

201 2614 337 2675 alterum
360 2613 496 2675 militem
520 2612 700 2686 barbatum,
730 2613 786 2691 qui
811 2613 846 2673 in
869 2613 967 2674 altero
983 2613 1066 2674 vasis
1094 2614 1193 2679 latere
1224 2613 1375 2693 depictus

200 2740 275 2781 eum
297 2721 485 2799 insequitur,
502 2719 644 2798 respicit;
668 2719 703 2779 in
716 2738 752 2779 eo
764 2719 860 2780 latero
876 2723 952 2781 sunt
975 2724 1125 2796 quattuor
1141 2720 1259 2798 figurae
1281 2721 1374 2794 aliae,

200 2846 336 2905 quarum
365 2832 427 2889 tres
456 2828 657 2887 Amazonum
689 2825 723 2884 in
752 2825 850 2885 altero
877 2825 974 2886 latere
1002 2825 1122 2888 similes
1155 2831 1239 2888 sunt.
1300 2826 1372 2901 Sed,

200 2952 274 2993 cum
290 2937 393 3010 partes
410 2952 576 3011 corporum
593 2931 697 2992 nudae
721 2931 793 2992 albo
809 2932 911 2992 colore
933 2950 1099 3009 nunquam
1121 2933 1239 2994 tinctae
1274 2934 1375 2996 fuisse

199 3033 408 3114 videantur‚²)
434 3039 551 3117 figurae
575 3042 683 3098 autem
711 3038 746 3098 in
768 3037 866 3098 altero
895 3037 992 3098 latere
1016 3037 1089 3098 albo
1112 3039 1269 3100 coloratae
1298 3040 1371 3112 sint,

200 3143 292 3205 credo
315 3163 368 3205 aas
395 3145 479 3211 viros
507 3163 583 3206 esse.
619 3142 711 3204 Idam
740 3142 832 3204 docet
859 3143 903 3217 id,
932 3143 1019 3221 quod
1049 3144 1129 3205 duae
1158 3145 1277 3223 figurae
1308 3146 1374 3206 bar-

199 3250 291 3311 batae
306 3250 389 3311 inter
412 3269 445 3312 se
461 3249 520 3311 sub
537 3268 614 3311 ansa
636 3252 815 3328 pugnantes
830 3249 865 3309 in
881 3251 1083 3311 Amazonum
1107 3269 1181 3311 cum
1204 3250 1286 3312 viris
1297 3269 1373 3330 pug-

199 3377 275 3417 nam
299 3358 430 3418 omnino
453 3376 518 3417 non
542 3355 743 3416 conveniunt.
790 3355 903 3432 ltaque
926 3356 1045 3434 figurae
1066 3356 1101 3417 in
1124 3356 1204 3417 duas
1232 3355 1373 3435 picturas

199 3496 277 3561 1851,
296 3511 322 3562 p.
345 3496 404 3561 116,
423 3510 467 3548 no.
487 3495 534 3560 393
563 3492 710 3562 tiatalogue
738 3491 769 3546 of
784 3494 832 3545 the
851 3490 1000 3546 Collection
1028 3492 1059 3547 of
1077 3491 1239 3561 Antiquities
1268 3491 1373 3547 formed

198 3582 234 3654 by
253 3582 282 3635 Β,
302 3582 392 3649 Hertz,
411 3599 472 3637 now
489 3583 535 3636 the
553 3586 681 3652 property
700 3580 731 3634 of
746 3580 770 3634 J.
790 3579 888 3652 Mayer,
907 3579 1006 3647 Lond,
1020 3580 1097 3648 1859,
1117 3596 1160 3635 no.
1179 3580 1241 3635 376.

272 3674 290 3738 Ι)
310 3670 392 3724 Millin
421 3673 448 3724 et
475 3670 808 3735 Dubois-Maisonneuvc,
837 3669 976 3723 Peintures
1005 3669 1038 3722 dc
1066 3684 1145 3723 vases
1172 3668 1307 3738 antiques,
1336 3669 1373 3731 11,

197 3759 250 3814 tab⁴
265 3760 312 3825 293
332 3759 485 3828 lnghirami,
504 3758 605 3813 Pitture
624 3759 650 3812 di
670 3757 727 3812 vasi
754 3756 833 3823 fittili,
857 3756 890 3823 11,
908 3756 963 3813 tab.
976 3756 1040 3822 1283
1059 3756 1149 3820 Millin,
1170 3754 1240 3810 Gall.
1252 3756 1372 3828 mythol,

197 3848 265 3913 5943
292 3847 442 3916 Broguiart‚
461 3847 632 3916 Description
651 3847 686 3900 du
705 3844 799 3899 nruse'e
818 3844 970 3914 odramique
989 3844 1022 3898 dc
1041 3843 1144 3911 deres,
1172 3845 1226 3899 tab.
1247 3844 1327 3912 27,10
1346 3848 1373 3898 et

198 3952 224 4003 p.
244 3936 304 4002 102,
323 3952 348 3989 n.
368 3937 411 3991 44.

269 4025 289 4089 ²)
311 4023 339 4077 [d
359 4039 396 4103 ⁹¹.
405 4040 438 4078 eo
451 4024 572 4094 adparet,
586 4024 658 4092 quod
672 4021 837 4093 pigmentum
850 4021 941 4077 album
951 4037 1004 4091 quo
1018 4038 1093 4075 arma
1105 4021 1250 4098 figurarum
1265 4022 1374 4092 depicta

198 4115 259 4167 sunt
277 4111 378 4180 optime
396 4115 529 4167 servatum
549 4115 598 4164 est.
