2910 4650
623 304 821 368 ..g-

139 493 252 564 aetatis
269 506 331 563 est.
373 502 516 563 Picturae
549 502 584 562 in
618 501 743 562 duobus
777 491 938 562 lateribus
964 501 1107 581 depictae
1140 502 1174 562 in
1208 521 1309 562 unam

139 595 378 686 coniungendae
400 627 468 670 esse
490 606 647 669 videntur.
683 608 838 670 Hercules
853 607 997 669 tunicam
1013 607 1141 668 brevem
1154 612 1185 668 et
1207 608 1309 669 leonis

139 714 265 794 pellem,
291 733 372 792 quae
396 719 492 793 caput
525 733 590 774 non
624 713 711 792 tegit,
746 713 879 776 indutus
913 712 1007 774 etad
1031 713 1176 774 dextram
1199 733 1309 775 versus

140 820 310 881 Amazonis
345 818 499 882 cassidem
535 818 672 894 sinistra,
708 819 820 880 dextra
853 819 997 898 gladium
1020 819 1183 882 sublatum
1210 823 1307 880 tenet.

139 927 188 988 lla
221 926 354 1004 genibus
389 924 466 984 nixa
501 929 532 985 et
566 924 607 985 ad
641 924 803 986 sinistram
837 945 928 987 versa
960 926 1053 987 hasta
1087 944 1119 986 se
1154 924 1307 986 defendit.

142 1032 261 1093 Deinde
284 1032 377 1093 miles
400 1050 475 1092 curn
498 1033 659 1092 Amazone
682 1030 723 1091 ad
746 1031 908 1093 sinistram
930 1050 1020 1093 versa
1053 1050 1199 1110 genuque
1232 1030 1310 1104 nixa
1415 1029 1417 1033 ⁴

138 1138 232 1200 hasta
254 1141 384 1218 pugnat.
432 1137 506 1197 Post
528 1136 700 1197 Herculem
723 1136 850 1198 tertiam
866 1140 1060 1198 Amazonem
1083 1136 1124 1198 ad
1148 1137 1310 1198 sinisiram

139 1264 262 1306 versam
287 1249 318 1305 et
340 1262 422 1321 genu
445 1242 556 1303 nixam
579 1243 672 1304 hasta
694 1242 843 1304 interficit
865 1243 967 1316 miles,
1006 1243 1061 1321 qui
1095 1243 1137 1303 ad
1163 1242 1311 1303 dextram

139 1367 248 1412 versus
271 1349 427 1414 cassidem
451 1348 520 1409 eius
543 1347 789 1410 sinistratenet.
836 1349 875 1409 In
911 1349 1040 1410 alterius
1073 1348 1180 1409 lateris
1203 1347 1311 1408 media

140 1459 230 1534 parte
252 1456 394 1516 Amazon
418 1454 459 1515 ad
483 1453 627 1515 dextram
651 1474 740 1516 versa
761 1455 889 1516 hastam
923 1455 958 1515 in
980 1454 1117 1516 militem
1141 1453 1309 1514 barbatum

139 1559 287 1634 intendit
312 1560 367 1638 qui
384 1560 425 1621 ad
441 1560 603 1621 sinistram
617 1579 726 1622 versus
748 1565 779 1622 et
794 1580 877 1639 genu
892 1561 988 1622 nixus
999 1561 1092 1623 hasta
1108 1580 1140 1621 se
1156 1559 1308 1620 defendit.

140 1667 179 1727 In
203 1666 314 1727 dextra
336 1670 425 1746 parte
447 1666 585 1745 hoplites
608 1669 803 1728 Amazonem
826 1666 958 1740 invadit,
998 1666 1119 1746 casside
1153 1666 1220 1728 eius
1243 1685 1309 1745 pre-

139 1772 249 1833 hensa.
296 1772 344 1833 lla
366 1772 400 1832 in
435 1791 539 1863 genua
573 1771 666 1845 cadit,
692 1791 795 1850 neque
820 1791 853 1834 se
888 1772 1056 1834 defendere
1083 1776 1224 1832 conatur.
1271 1772 1310 1830 ln

142 1879 241 1940 altera
263 1882 353 1957 parte
371 1879 514 1938 Amazon
537 1876 579 1937 ad
601 1877 772 1939 sinistram
785 1897 875 1940 versa
889 1879 1027 1940 humum
1042 1879 1132 1958 lapsa
1147 1882 1203 1951 est,
1228 1896 1311 1954 genu

141 1983 270 2045 sinistro
294 2003 422 2046 sursum
445 1987 587 2055 curuato;
623 1983 770 2044 bracchio
805 1983 942 2058 sinistro,
967 2003 1030 2062 quo
1052 2004 1199 2064 parmam
1221 1983 1310 2060 gerit,

140 2076 217 2150 nixa
243 2109 378 2151 manum
406 2091 568 2152 sinistram
602 2088 715 2150 militis
748 2088 873 2150 barbati
907 2089 1019 2151 dextra
1052 2089 1146 2169 capit,
1182 2089 1238 2166 qui
1269 2088 1311 2148 ad

142 2195 288 2256 dextram
312 2201 422 2257 versus
446 2195 603 2258 cassidem
626 2195 694 2256 eius
717 2195 845 2256 sinistra
867 2199 963 2270 tenet,
988 2194 1161 2274 dextraque
1183 2196 1310 2256 hastam

136 2302 287 2363 intentat.
345 2304 521 2364 Amazones
559 2320 670 2363 omnes
705 2301 861 2363 Graecum
896 2301 930 2361 in
967 2300 1101 2362 modum
1138 2301 1318 2362 instructae·

140 2412 223 2470 sunt.

191 2528 193 2530 ’
230 2515 301 2575 Hoc
337 2514 406 2575 loco
444 2514 542 2575 etiam
577 2513 845 2574 conmemoranda
878 2516 926 2573 est
959 2513 1113 2592 amphora
1146 2511 1311 2590 Tarquinii

140 2601 302 2699 reportat.
343 2620 382 2680 In
405 2620 511 2681 media
533 2619 657 2699 pictura
684 2620 838 2680 Hercules
860 2617 1076 2698 (inscriptione
1104 2617 1311 2696 significatus)

140 2725 249 2786 tunica
271 2724 359 2787 brevi
381 2731 414 2788 et
436 2727 536 2788 leonis
559 2725 651 2804 pelle,
687 2745 768 2804 quae
792 2729 888 2804 caput
921 2745 985 2786 non
1008 2724 1095 2803 tegit,
1124 2723 1256 2785 vestitus
1280 2729 1312 2785 et

141 2831 182 2892 ad
219 2832 365 2893 dextram
388 2851 497 2894 versus
520 2831 664 2910 gladium
687 2830 872 2893 destrictum
901 2830 1143 2891 Andromachae
1169 2829 1311 2908 (inscrip-

136 2937 227 2998 tione
250 2938 456 3015 significatae)
482 2937 630 3011 intentat,
666 2936 756 2998 cuius
780 2935 880 2997 crines
915 2936 1020 2997 nescio
1055 2956 1096 2996 an
1123 2934 1308 3014 prehendat.

144 3043 192 3103 Ea
216 3042 256 3103 ad
280 3042 442 3103 sinistram
464 3061 555 3104 versa
581 3047 612 3103 et
643 3041 784 3121 hoplitae
818 3046 979 3103 armatura
1013 3041 1138 3123 munita
1171 3041 1309 3101 humum

142 3148 237 3223 cadit,
262 3148 318 3210 sed
333 3128 442 3209 tamen
458 3168 490 3209 se
507 3147 675 3209 defendere
688 3128 832 3222 conatur,
857 3147 959 3227 capite
975 3147 1173 3209 dextrorsum
1191 3166 1308 3207 averse.

137 3234 180 3314 ⁴In
204 3254 315 3315 dextra
330 3254 471 3333 picturae
487 3258 576 3334 parte
592 3255 745 3315 Telamon
761 3244 977 3332 (inscriptione
997 3253 1203 3330 significatus)
1219 3252 1309 3314 cassi·

139 3344 215 3423 dem
221 3361 391 3443 Amazonis
403 3360 444 3421 ad
457 3360 603 3421 dextram
615 3359 765 3438 fugientis
778 3355 951 3436 (inscuLA
960 3356 1053 3420 VKE
1061 3378 1117 3437 pro
1127 3353 1214 3419 ΓΕΑ
1222 3357 1315 3420 VKE

141 3465 257 3545 posita)
280 3470 375 3540 tenet,
400 3466 452 3528 cui
474 3465 617 3549 gladium
644 3465 679 3525 in
712 3469 823 3544 pectus
856 3464 969 3542 infigit.
1009 3465 1057 3524 Ea
1079 3464 1253 3525 Gracorum
1276 3464 1310 3524 in

137 3570 286 3645 modum,
311 3571 457 3650 quamtis
480 3571 548 3633 sine
570 3570 708 3645 thorace,
724 3575 769 3631 *ut
791 3569 925 3644 videtur,
950 3574 1072 3631 armata
1100 3569 1141 3631 ad
1164 3569 1310 3630 dextram

144 3677 251 3766 currit,
277 3682 309 3740 et
332 3682 428 3758 caput
448 3678 495 3738 in·
508 3678 669 3739 sinistram
693 3675 856 3738 convertit.
895 3677 970 3737 Post
1003 3676 1174 3759 Herculem
1202 3675 1310 3755 iphito

217 3851 237 3920 ¹)
256 3849 421 3906 Monumenti
440 3849 503 3905 dell’
516 3850 650 3917 Instituta
669 3848 727 3917 XII,
744 3849 799 3904 tab.
813 3850 843 3915 93
862 3848 931 3902 Anu.
950 3847 1012 3902 dell’
1030 3846 1105 3915 lust,
1124 3847 1245 3916 1884,*p,
1258 3848 1310 3901 269

138 3941 216 4011 sqq.;
245 3938 395 3994 Ball-dell’
414 3939 489 4006 Inst,
519 3939 597 4005 1884,
616 3933 648 4008 p.
662 3937 722 3993 124.
759 3936 869 3991 Videtur
897 3951 986 3990 errare
1013 3935 1152 4004 Helbigius
1180 3935 1311 4004 picturam

137 4028 259 4084 omnium
278 4027 492 4098 antiquissimam
511 4042 571 4081 esse
584 4026 683 4093 dicens,
703 4041 772 4095 quae
785 4025 855 4079 hanc
867 4040 985 4094 pugnarn
997 4023 1152 4089 inlustrant;
1171 4039 1234 4077 nam
1253 4023 1310 4077 ani-

140 4117 250 4175 malium
268 4116 368 4187 figuris,
387 4131 457 4185 quae
476 4114 641 4169 certissimae
660 4112 827 4182 antiquitatis
845 4115 926 4167 notae
946 4116 1016 4179 sunt,
1035 4111 1166 4180 amphora
1184 4113 1264 4166 caret.
