2948 4650
597 314 840 378 -101-

135 509 263 598 Ἡσιόνην
291 508 398 573 ἔσωσε.
440 510 483 596 μή
509 509 694 594 βουλομένου
723 509 758 573 δέ
786 508 836 572 τὸν
854 508 960 593 μισθόν
983 507 1157 582 ἀποδοῦναι,
1183 505 1306 594 πολεμή-

136 642 196 681 σειν
230 616 335 703 Τροίαν
358 616 520 703 ἀπειλήσας
540 616 666 704 ἀνήχθη.

225 726 372 806 Apollod.
398 727 441 801 ΙΙ,
466 724 496 800 6,
522 727 556 789 4;
588 761 630 768 -
654 761 696 769 -
721 706 764 768 -’
787 723 834 786 ἐπὶ
852 717 944 784 Ἴλιον
967 719 1047 784 έπλει
1069 720 1310 808 πεντηκοντόροις

137 830 344 905 ὀκτωκαίδεκα,
366 830 567 916 συναθροίσας
580 829 706 915 στρατὸν
722 829 844 916 ἀνδρών
859 828 990 912 ἀρίστων
1005 827 1148 901 ἑκουσίως
1160 827 1307 891 θελόντων

136 937 359 1022 στρατεύεσθαι·
392 936 597 1011 καταπλεύσας
618 936 653 999 δέ
676 938 719 1009 εἷς
735 932 826 999 Ἴλιον
849 936 901 1024 τήν
919 936 976 1021 μὲν
999 940 1058 999 τών
1081 939 1157 998 νεών
1173 933 1308 1020 φυλακήν

143 1045 239 1108 θῖκλεῖ
257 1044 416 1119 κατέλιπεν,
441 1043 532 1116 αύτδς
552 1043 587 1106 δὲ
606 1044 684 1127 μετά
707 1045 768 1106 τών
791 1041 888 1106 ἄλλων
912 1042 1059 1129 ἀριστέων
1082 1041 1171 1127 ὥρμα
1193 1042 1241 1104 ἐπὶ
1256 1041 1331 1128 τήνΙ

137 1151 226 1215 πόλιν.
273 1148 514 1236 παραγενόμενος
539 1149 574 1213 δέ
603 1150 650 1213 ἐπὶ
678 1149 731 1223 τάς
756 1153 830 1223 ναῦς
855 1152 907 1212 σύν
935 1150 978 1234 τῷ
1010 1149 1111 1236 πλήθει
1139 1147 1307 1232 Λαομέδων

143 1257 245 1321 Οἰκλέα
269 1258 327 1337 μὲν
350 1257 498 1320 ἀπέκτεινε
518 1255 700 1342 μαχόμενον,
724 1256 884 1329 ἀπελαθεὶς
904 1256 939 1319 δὲ
962 1256 1019 1318 ύπὸ
1043 1260 1102 1318 τών
1121 1256 1199 1340 μετὰ
1223 1252 1307 1340 Ἡρα-

136 1365 238 1437 κλέους
263 1364 468 1449 ἐπολιορκεῖτο.
514 1367 566 1448 τής
592 1361 626 1424 δὲ
654 1362 822 1446 πολιορκίας
847 1363 1016 1450 ἐνεστώσης
1037 1361 1137 1449 βήξας
1157 1360 1190 1424 τὸ
1214 1364 1311 1455 τεῖχος

144 1470 283 1555 Τελαμών
310 1474 428 1555 πρώτος
453 1470 588 1556 ελσήλθεν
611 1471 654 1542 εἷς
675 1468 726 1555 τήν
750 1469 840 1543 πόλιν,
864 1470 913 1532 καί
932 1470 1010 1552 μετά
1034 1472 1136 1531 τοῦτον
1159 1465 1307 1554 Ἡρακλῆς

138 1579 181 1650 ώς
214 1578 248 1640 δὲ
283 1577 430 1639 ἐθεάσατο
466 1576 625 1659 Τελαμῶνα
662 1580 779 1662 πρώτον
808 1576 1027 1662 εἰσεληλυθότα,
1059 1576 1250 1659 σπασάμενος
1275 1573 1308 1636 τό

138 1682 222 1768 ξίφος
255 1683 298 1746 ἐπ’
330 1683 420 1746 αύτδν
454 1678 511 1770 ᾔει,
545 1682 658 1768 αηδένα
693 1683 788 1746 θέλων
816 1683 926 1746 ἑαυτοῦ
954 1681 1105 1768 κρείττονα
1134 1681 1308 1765 νομίζεσθαι.

138 1789 265 1853 συνιδών
290 1794 375 1853 τοῦτο
403 1790 541 1874 Τελαμών
565 1789 685 1875 πλησίον
709 1789 808 1862 λίθους
827 1789 976 1874 κειμένους
997 1788 1182 1874 συνήθροιζε,
1206 1791 1257 1849 τοῦ
1274 1787 1308 1850 δέ

137 1896 281 1981 ἐρομένου
311 1896 338 1959 τί
363 1898 493 1983 πράττοι,
521 1896 627 1981 βωμόν
656 1895 736 1960 εἶπεν
759 1893 936 1983 Ἡρακλέους
961 1895 1194 1968 κατασκευάζειν
1217 1893 1307 1956 καλλι-

139 2002 225 2065 νίκου.
271 2004 287 2063 δ
312 2003 346 2066 δὲ
370 2002 535 2078 ἐπαινέσας,
560 2004 604 2077 ώς
623 2004 682 2066 εἷλε
699 2004 750 2090 τήν
766 2003 857 2079 πόλιν,
881 2002 1099 2075 κατατοξεύσας
1114 1999 1308 2086 Λαομέδοντα

137 2109 186 2170 καί
209 2108 276 2181 τοὺς
297 2110 406 2183 παῖδας
428 2111 519 2172 αὐτοῦ
530 2112 632 2197 χωρίς
646 2109 820 2196 ΙΙοδάρκου,
852 2111 1000 2195 Τελαμῶνι
1015 2111 1163 2193 (ἀριστεῖον
1178 2104 1308 2194 Ἡσιόνην

138 2215 190 2301 τήν
220 2212 430 2298 Λαομέδοντος
450 2216 600 2300 θυγατέρα
636 2216 748 2294 δίδωσι,
784 2219 832 2279 καὶ
866 2215 957 2302 ταύτη
986 2219 1140 2302 συγχωρεῖ
1164 2215 1307 2300 τῶναλχ-

133 2322 283 2403 μαλώτων
318 2321 352 2383 δν
386 2320 491 2409 ήθελεν
523 2320 654 2404 ἄγεσθαι.
716 2327 768 2409 τής
800 2321 834 2385 δὲ
875 2322 1056 2409 αἱρουμένης
1091 2321 1141 2384 τὸν
1175 2319 1309 2404 ἀδελφὸν

140 2426 311 2514 Ποδάρκην,
335 2426 394 2516 ἔφη
419 2429 480 2490 δεῖν
504 2433 622 2512 πρώτον
646 2427 736 2490 αάτάν
760 2428 866 2491 δοῦλον
887 2429 1029 2510 γενέσθαι,
1054 2430 1102 2491 καλ
1119 2426 1182 2490 τότε
1199 2425 1227 2489 τί
1239 2449 1309 2489 ποτε

139 2534 252 2596 δοῦσαν
281 2535 341 2596 ἀντ’
368 2535 461 2597 αύτοῦ
494 2535 596 2616 λαβεῖν
625 2534 723 2597 αύτιίν.
776 2536 795 2622 ή
824 2535 858 2598 δὲ
888 2535 1123 2622 πιπρασκομένου
1151 2536 1203 2622 τήν
1225 2533 1309 2597 καλό·
1383 2570 1387 2579 -

139 2663 233 2726 πτραν
261 2641 432 2729 ἀφελομένη
460 2647 512 2729 τής
537 2643 671 2729 κεφαλῆς
691 2641 870 2705 ἀντέδωκεν·
899 2643 969 2705 όθεν
994 2641 1155 2730 Ποδάρκης
1177 2640 1312 2726 ΙΙρίαμος

142 2744 258 2834 ἐκλήθη.
307 2752 354 2812 Of.
379 2751 526 2830 Apollod.
551 2752 611 2825 ΙΠ,
639 2742 689 2824 12,
716 2749 744 2824 7,
771 2751 799 2812 3.

228 2856 374 2935 Apollod.
399 2858 442 2931 H,
469 2858 498 2933 7,
528 2860 557 2918 l:
594 2853 732 2928 πλέοντος
757 2855 791 2917 δὲ
819 2855 879 2918 ἀπὸ
910 2855 1017 2940 Τροίας
1037 2852 1213 2941 Ἡρακλέους
1228 2851 1309 2940 Ἥρα

134 2960 288 3047 χαλεπούς
320 2958 433 3046 έπεμψε
459 2966 621 3048 χειμῶνας·
656 2961 703 3046 ἐφ’
739 2962 783 3034 οἷς
809 2962 1016 3050 ἀγανακτήσας
1042 2961 1121 3035 Ζεὺς
1146 2961 1309 3048 ἐκρέμασεν

140 3067 233 3153 αύτήν
262 3065 299 3137 ἐξ
318 3067 470 3151 Ὀλύμπου.
518 3067 675 3152 προσέπλει
698 3067 732 3131 δὲ
755 3065 897 3156 Ἡρακλής
918 3093 952 3156 τη
978 3068 1045 3154 Κιρ·
1068 3069 1117 3132 καλ
1142 3069 1312 3153 νομίσαντες

140 3175 229 3238 αύτδν
263 3177 290 3237 οί
314 3174 398 3261 Κιροι
425 3174 577 3262 ληστρικδν
606 3174 685 3257 ἀγειν
713 3175 827 3251 στόλον,
853 3176 1014 3258 βάλλοντες
1038 3175 1127 3249 λίθοις
1151 3175 1309 3259 προσπλεῖν

140 3282 277 3345 ἐκώλυον.
323 3283 340 3343 δ
369 3282 415 3345 δέ
429 3282 612 3366 βιασόμενος
638 3283 689 3369 τήν
717 3281 804 3345 νύκτα
828 3284 897 3357 εἷλε,
921 3285 969 3345 καλ
993 3281 1190 3363 τὸνβασιλέα
1215 3280 1308 3365 ί.“υ’ρύ·

140 3389 240 3463 πυλον,
264 3388 474 3462 Ἀστυπαλαίας
494 3389 587 3450 παῖδα
604 3390 652 3451 καί
669 3387 866 3463 ΙΙοσειδώνος,
891 3385 1024 3462 ἔκτεινεν,
1050 3388 1169 3474 ἐτρώθη
1185 3387 1220 3450 δὲ
1235 3386 1309 3450 κατὰ

139 3493 190 3580 τήν
209 3496 312 3581 μάχην
328 3492 469 3581 Ἡρακλής
490 3494 546 3556 ύπδ
572 3492 794 3568 Χαλκώδοντος,
818 3494 868 3557 καί
884 3494 953 3568 Διὸς
973 3492 1199 3579 ἐξαρπάσαντος
1220 3491 1309 3556 αὐτόν

139 3599 228 3662 οὐδὲν
244 3597 346 3662 ἔπαθε.
381 3600 536 3685 πορθήσας
549 3599 583 3661 δὲ
602 3597 655 3660 K&
672 3599 724 3688 ήκε
740 3599 775 3662 δι’
793 3601 920 3688 ’Λθηνάν
936 3599 979 3673 εἷς
995 3599 1130 3684 Φλέγραν
1146 3639 1185 3645 —
1200 3638 1240 3644 —
1258 3638 1308 3661 --—.

229 3709 352 3769 Tabula
384 3708 591 3781 Farnesiana,
627 3729 680 3787 pp.
708 3708 838 3771 (λθ-70
867 3709 1000 3787 (Jahn.):
1047 3704 1118 3769 Κίον
1153 3729 1183 3768 τε
1217 3704 1309 3768 ἐκτισε

142 3811 223 3874 πόλιν
248 3811 432 3897 ίίολύφαμον
456 3811 584 3893 βασιλέα
614 3813 778 3886 ἐπιστάσας.
825 3810 1009 3894 Λαομέδοντι
1031 3811 1065 3876 δὲ
1089 3813 1238 3898 ἐβοάθησε
1261 3814 1309 3875 θυ-

140 3918 254 4002 γατέρα
287 3920 389 3991 σώσας
406 3918 648 4003 Ιττολιορκομέναν
677 3917 734 3981 ύπδ
762 3920 879 4006 κήτεος,
908 3921 956 3982 καί
983 3921 1146 3992 ἀποταθεὶς
1171 3917 1313 4006 Ἡρακλής

140 4024 197 4086 ὑπὸ
222 4023 430 4108 Λαομέδοντος
450 4026 493 4097 εἰς
510 4019 623 4110 Ἄρηος
643 4025 785 4113 ἀπελύθη.
833 4025 997 4111 ἑσσάμενος
1018 4026 1044 4088 δ’
1068 4026 1101 4090 ἐν
1131 4025 1243 4111 Τίρυνθι
1266 4027 1308 4089 τέ-

136 4152 229 4221 μενος
252 4130 410 4205 Ἐνυαλίου,
441 4131 518 4223 μετὰ
549 4130 723 4223 Τελαμῶνός
755 4155 786 4200 τε
816 4133 864 4198 καὶ
889 4131 1016 4225 ίίηλέιυς
1041 4125 1089 4198 κοιλ
1116 4132 1243 4229 θλκλέιυς
1263 4133 1311 4198 ἐπλ
