2910 4650
677 277 898 379 458..

201 509 363 573 sinistram
385 510 477 590 quasi
500 529 632 590 precans
655 509 813 583 extendit3
838 511 966 589 sanguis
993 511 1022 573 ci
1042 510 1205 574 evulncre
1226 511 1375 591 profluit;

200 618 235 678 in
258 618 387 680 sinistra
408 621 499 698 parte
521 617 614 679 miles
637 617 716 678 alter
739 616 781 679 ad
804 617 967 679 sinistram
988 637 1115 680 currens
1131 619 1266 679 alteram
1282 621 1377 679 Ama·

200 744 312 785 zonem
336 725 493 786 Graecum
516 724 551 784 in
566 723 700 785 modum
724 728 881 784 armatam
915 725 1128 804 persequitur;
1164 745 1201 785 ea
1235 725 1270 786 in
1294 744 1378 802 genu

201 830 317 892 cad'ens
340 831 478 910 respicit,
503 836 535 892 ct
557 831 651 892 hasta
673 850 706 892 se
730 829 899 891 defendere
915 835 1064 892 conatur.

289 935 333 1016 (4)
356 939 499 998 Amazon
521 937 670 1015 sagittam
695 956 712 997 e
734 937 882 1016 pharetra
905 937 1022 999 educit.

291 1044 424 1105 Catillus
440 1043 576 1104 Londin.
600 1044 627 1103 Ε
651 1041 693 1106 66
709 1040 807 1121 (987),
820 1036 844 1125 ¹)
860 1042 901 1104 ab
920 1044 1067 1123 Epicteto
1082 1043 1200 1124 pictus:
1220 1046 1374 1118 Amazon,

200 1151 262 1213 nisi
286 1152 367 1212 forte
389 1149 437 1212 vir
460 1155 516 1223 cst,
543 1149 729 1228 Scythicum
752 1149 788 1210 in
810 1148 944 1210 modum
968 1150 1124 1213 instructa
1147 1149 1188 1211 ad
1212 1150 1376 1213 sinistram

200 1258 306 1331 currit,
332 1260 364 1317 ct
386 1255 557 1336 respiciens
579 1255 728 1334 sagittam
753 1276 769 1317 e
792 1256 940 1335 pharetra
963 1256 1083 1328 educit;
1108 1275 1218 1317 arcum
1246 1257 1376 1319 sinistra

199 1369 294 1424 tenet.

288 1469 334 1548 (5)
356 1471 500 1531 Amazon
523 1468 673 1547 sagittam
696 1469 806 1530 mittit.

289 1577 401 1638 Patera
416 1575 551 1638 Londin.
569 1576 596 1636 Ε
612 1571 633 1638 5
649 1569 778 1654 (841)),
795 1574 836 1636 ab
852 1575 1008 1654 Hischylo
1024 1576 1123 1637 lacta:
1141 1576 1294 1651 Amazon,
1312 1576 1376 1638 nisi

199 1685 279 1745 forte
303 1683 436 1763 Scythes
474 1686 531 1756 est,
570 1682 611 1744 ad
650 1681 796 1743 dextram
834 1701 924 1744 versa
953 1687 1040 1743 veste
1078 1682 1236 1761 Scythica,
1267 1684 1372 1758 mitra,

198 1791 347 1870 pharetra
369 1791 495 1851 munita
517 1794 573 1851 est.

290 1897 344 1958 VI.
369 1897 545 1957 Amazones
568 1895 729 1974 pedestres
752 1915 827 1956 cum
850 1895 1011 1974 equitibus
1035 1895 1199 1957 dimicant.

288 2003 372 2064 Vasa
394 2002 501 2063 Attica
524 2002 601 2063 atris
624 2001 732 2079 figuris
756 2001 936 2080 posterioris
959 2001 1081 2079 generis
1104 2005 1229 2062 ornata:

287 2109 399 2170 Patera
421 2109 545 2169 Monac.
571 2105 649 2169 971:
673 2108 708 2169 in
731 2113 866 2187 utroque
889 2109 985 2168 latere
1009 2127 1064 2170 sex
1092 2109 1270 2170 Amazones
1298 2128 1373 2170 cum

198 2215 334 2294 totidem
357 2215 518 2294 equitibus
541 2214 641 2277 hastis
664 2219 818 2294 pugnant.

287 2323 450 2383 Praeterea
473 2321 514 2383 ad
537 2321 620 2383 hanc
643 2322 776 2384 classem
799 2323 932 2384 fortasse
955 2320 1119 2382 referenda
1142 2325 1190 2382 est
1216 2322 1374 2401 amphora

199 2428 401 2490 Nicosthenis
426 2428 634 2490 Vindobonae
656 2429 691 2489 in
714 2449 824 2491 museo
848 2429 1015 2490 Austriaco
1039 2422 1203 2506 servata:³)
1230 2427 1266 2488 in
1289 2434 1372 2490 utro-

200 2555 261 2613 que
284 2535 381 2595 latere
404 2536 547 2596 Amazon
575 2535 658 2595 inter
681 2534 761 2596 duos
796 2535 918 2613 equites
940 2535 1044 2615 posita
1078 2533 1227 2612 sagittam
1255 2534 1371 2607 mittit,

199 2642 255 2721 qui
278 2648 387 2703 utrum
410 2641 605 2722 adspectent,
630 2661 671 2701 an
693 2662 726 2703 re
749 2662 823 2704 vcra
845 2647 997 2722 pugnent,
1023 2641 1144 2703 dubito.

288 2748 351 2810 Sed
365 2750 400 2810 in
423 2748 499 2810 dino
522 2748 652 2828 Neapol.
678 2748 812 2810 (lumen.
842 2742 949 2827 208,⁴)
984 2749 1039 2827 qui
1073 2746 1212 2809 sedecim
1242 2747 1371 2823 milites,

199 2875 335 2934 quorum
370 2856 537 2934 conplures
560 2855 682 2917 mitrati
705 2861 789 2931 sunt,
815 2875 888 2916 cum
913 2854 1023 2915 decem
1047 2852 1208 2932 equitibus
1230 2874 1372 2932 pugnan-

198 2968 246 3023 tes
284 2961 422 3041 exhibet,
463 2981 558 3023 causa
600 2981 666 3022 non
708 2967 764 3035 est,
808 2981 864 3022 cur
902 2963 1078 3023 Amazones
1121 2959 1263 3039 depictas
1306 2981 1372 3024 esse

198 3068 374 3129 credamus.

287 3174 360 3235 VH.
385 3176 562 3235 Amazones
585 3173 746 3253 pedestres
769 3179 842 3235 ante
865 3174 972 3236 hostes
995 3193 1089 3235 curru
1111 3180 1217 3236 vectos
1233 3173 1371 3252 fugiunt.

287 3282 373 3343 Vasa
395 3280 503 3342 Attica
525 3279 623 3359 nigris
646 3280 755 3358 figuris
778 3281 959 3360 posterioris
982 3279 1104 3358 generis
1128 3284 1253 3347 ornata:

285 3386 330 3465 (1)
353 3388 425 3448 Duo
447 3387 508 3450 viri
531 3387 566 3448 in
589 3406 683 3448 curru
706 3393 796 3459 sunt;
832 3389 975 3448 Amazon
1010 3387 1198 3466 plerumque
1231 3387 1372 3465 respicit.

269 3619 289 3683 1)
307 3613 349 3668 De
367 3613 455 3680 Witte,
483 3613 653 3684 Description
673 3610 757 3668 d’une'
771 3612 914 3668 collection
937 3613 971 3668 de
996 3629 1075 3668 vases
1099 3614 1188 3684 points
1213 3616 1239 3668 et
1258 3614 1373 3670 bronzes

196 3704 320 3774 antiques
348 3705 498 3773 provenant
528 3703 576 3757 des
606 3702 711 3757 fouilles
739 3702 772 3757 de
800 3701 934 3771 l’Etrurie,
953 3703 1023 3770 Par,
1040 3703 1119 3770 1837,
1138 3703 1263 3768 no.11'l;
1283 3702 1372 3770 Klein,

196 3792 301 3848 Griech.
321 3793 410 3848 Vasen
430 3791 478 3845 mit
496 3791 768 3861 Meistersignatureu,
787 3807 813 3860 p.
833 3793 893 3859 105,
913 3808 956 3846 no.
977 3792 1019 3845 14.

267 3886 288 3950 ²)
306 3881 438 3951 Principis
457 3879 560 3935 (lanino
579 3881 645 3948 558;
665 3880 751 3948 Klein,
769 3880 787 3935 l.
806 3879 833 3950 1.,
851 3897 878 3950 p.
898 3881 940 3934 99.

266 3972 288 4038 ⁸)
306 3970 394 4037 Klein,
414 3969 431 4024 l.
452 3968 478 4037 1.,
497 3984 524 4039 p.
544 3971 587 4039 58,
606 3986 649 4024 no.
670 3971 717 4037 20;
737 3968 804 4024 Bull.
824 3968 886 4023 dell'
905 3969 979 4034 lust,
1000 3969 1078 4036 1865,
1097 3985 1123 4038 p.
1144 3970 1203 4024 146.

265 4059 287 4127 ⁴)
305 4059 421 4126 Fiorelli,
449 4056 555 4113 Notizia
582 4058 625 4113 dei
649 4058 706 4112 vasi
726 4058 821 4128 dipinti
845 4057 977 4112 rinvenuti
996 4074 1013 4111 a
1031 4055 1116 4112 Cuma
1139 4058 1181 4112 nel
1201 4074 1273 4112 anno
1292 4059 1364 4116 1856

194 4148 247 4202 tab.
270 4149 303 4202 18
322 4152 349 4202 et
367 4165 394 4218 p.
414 4149 463 4215 203
482 4146 549 4202 Bull.
570 4145 676 4217 Napol,
694 4145 726 4202 N.
747 4146 782 4214 S,
801 4147 832 4214 V,
850 4147 902 4206 tab,
924 4146 1003 4214 10,17
1021 4151 1093 4216 etp.
1114 4147 1174 4203 141.
