2910 4650
683 311 900 377 ...78-

204 514 245 575 ad
269 513 414 575 dextram
438 511 573 586 vehitur,
603 511 718 572 deinde
741 512 843 586 tertia,
869 518 1029 592 postremo
1052 512 1189 573 alterum
1212 532 1280 592 par,
1306 532 1382 592 qua-

203 640 275 680 rum
299 639 363 680 una
386 618 427 679 ad
451 619 612 681 sinistram
636 618 772 698 respicit.
820 619 895 679 Tres
930 618 1030 681 exiis
1054 619 1155 698 peltas
1169 619 1213 679 in
1236 620 1380 681 humeris

203 726 339 786 sinistris
362 725 491 786 habent.
539 725 683 787 Cassides
707 724 809 785 cristis
832 722 1057 786 humilioribus
1071 730 1210 786 ornatae
1233 731 1319 787 sunt.

291 829 336 910 (5)
359 831 488 910 Septem
511 833 687 893 Amazones
710 834 794 892 sunt.

292 938 458 1017 Amphora
496 939 618 999 Monac.
655 934 734 1000 538:
772 936 897 1016 pictura
930 937 964 998 in
999 938 1080 999 collo
1104 944 1163 1000 est:
1201 939 1379 1000 Amazones

205 1045 362 1123 Scythicis
397 1045 538 1107 vestibus
574 1049 605 1105 et
640 1044 743 1105 mitris
776 1044 949 1105 instructae
984 1049 1073 1117 sunt;
1109 1044 1191 1106 duae
1217 1048 1380 1125 praeterea

204 1151 306 1230 peltas
330 1150 464 1222 habent;
489 1151 643 1230 septimae
670 1152 789 1228 figurae
811 1169 884 1230 pars
905 1150 1009 1212 solum
1033 1150 1173 1230 adparet.
1221 1152 1269 1212 De
1281 1151 1379 1212 altera

203 1257 286 1319 vasis
311 1257 435 1335 pictura
458 1258 498 1317 cf.
524 1276 628 1336 supra,
653 1278 684 1336 p.
709 1254 762 1318 49.

294 1364 364 1424 Hoc
387 1363 456 1423 loco
479 1383 582 1442 pauca
605 1362 644 1423 de
682 1363 825 1436 canibus,
856 1382 936 1441 quos
971 1368 1003 1424 et
1036 1362 1070 1423 in
1094 1362 1144 1424 his
1179 1368 1211 1423 et
1244 1362 1280 1422 in
1308 1363 1378 1424 aliis

204 1472 404 1530 Amazonum
433 1469 565 1548 picturis
588 1468 737 1543 vidimus,
775 1469 878 1531 dicere
901 1469 984 1530 licet.
1031 1471 1137 1546 Atque
1171 1488 1246 1529 cum
1281 1489 1377 1531 recor-

204 1577 318 1638 demur
341 1578 518 1637 Amazones
542 1576 652 1637 Martis
687 1576 769 1637 filias
804 1596 870 1638 esse
894 1575 967 1649 dici,
1004 1595 1116 1636 canem
1148 1581 1256 1637 autem
1291 1576 1378 1637 illius

203 1683 368 1763 proprium
392 1702 468 1756 esse,
492 1683 553 1742 hac
577 1680 616 1742 de
640 1702 736 1743 causa
761 1702 855 1744 canes
879 1702 932 1744 eas
956 1682 1100 1743 comitari
1116 1681 1216 1743 videri
1232 1688 1376 1762 possunt.

203 1792 247 1850 At
270 1809 363 1850 canes
392 1789 432 1859 ,in
460 1788 620 1850 similibus
642 1789 784 1850 virorum
808 1789 942 1869 picturis
966 1788 1175 1868 reperiuntur,
1205 1788 1262 1850 ubi
1296 1790 1378 1850 nihil

203 1895 290 1956 aliud
315 1895 504 1973 significant,
530 1913 627 1971 quarn
651 1913 704 1955 eos
728 1914 826 1973 prope
850 1915 869 1954 a
892 1894 988 1955 domo
1012 1889 1119 1971 esseb.
1159 1892 1253 1956 Idem
1270 1895 1376 1972 igitur,

203 2002 265 2063 nisi
288 2000 329 2061 ad
352 2004 504 2062 venatum
528 2019 580 2060 eos
604 2000 718 2060 referre
741 2001 798 2073 vis,
835 2020 941 2063 canes·
957 2001 991 2061 in
1015 2003 1214 2061 Amazonum
1244 2001 1378 2080 picturis

203 2107 378 2186 significare
402 2105 609 2167 statuendum
633 2111 688 2167 cst.

290 2211 336 2293 td)
358 2213 443 2274 Vasa
465 2213 572 2273 Attica
595 2212 697 2274 rubris
722 2212 830 2290 figuris
853 2213 1016 2275 severioris
1039 2213 1160 2290 generis
1184 2219 1310 2274 ornata:

292 2321 420 2381 Cratera
442 2314 695 2397 Bononiensisb:
727 2319 808 2379 duae
832 2320 1008 2381 Amazones
1036 2319 1181 2398 equitant
1208 2320 1310 2382 hastis
1334 2341 1377 2380 ar·

203 2435 322 2498 matae;
347 2426 490 2504 sequitur
513 2426 606 2486 tertia
628 2425 792 2503 pedestris,
823 2445 903 2503 quae
932 2425 1012 2489 duas
1040 2427 1148 2487 hastas
1176 2431 1272 2501 tenet,
1307 2432 1377 2488 tum

203 2553 314 2612 equus,
339 2552 437 2612 prope
461 2552 556 2610 quern
581 2534 722 2592 Amazon
747 2537 794 2592 est
817 2531 972 2611 pedestris
995 2551 1068 2593 curn
1098 2532 1190 2594 hasta
1218 2538 1249 2593 ct
1277 2539 1377 2607 scuto,

202 2647 362 2722 postremo
386 2639 514 2700 alterius
531 2638 604 2716 equi
619 2644 724 2718 caput.
772 2638 890 2699 Omnes
907 2640 1083 2700 Amazones
1098 2638 1211 2715 bracis,
1235 2640 1379 2702 vestibus

203 2748 380 2821 manicatis,
417 2745 607 2820 cassidibus,
643 2745 826 2806 thoracibus
854 2741 895 2827 (P)
918 2744 1080 2824 praeditae
1114 2765 1181 2808 esse
1216 2745 1377 2808 dicuntur.

203 2855 327 2916 Praeter
349 2853 465 2931 figuras
488 2871 603 2913 saxum
627 2857 658 2912 ct
681 2851 825 2912 arborem
848 2850 964 2914 adiecit
986 2852 1098 2931 pictor.

292 2960 402 3020 Patera
431 2960 612 3038 Campanae
641 2956 714 3031 615,
751 2977 836 3019 nunc
870 2958 905 3018 in
933 2977 1044 3020 museo
1071 2958 1213 3020 Parisino
1237 2965 1376 3022 servata:

203 3070 345 3128 Amazon
386 3065 509 3142 caligis,
549 3064 731 3142 chlamyde,
768 3065 876 3138 mitra,
911 3065 1009 3143 pelta,
1049 3066 1141 3126 hasta
1175 3065 1303 3126 munita
1337 3065 1378 3126 ad

204 3173 365 3235 sinistram
389 3171 520 3249 equitat,
546 3190 644 3248 quani
672 3170 770 3231 altera
798 3170 952 3249 pedestris
979 3171 1120 3250 hoplitae
1144 3190 1231 3231 more
1245 3177 1379 3247 ,armata

203 3280 359 3359 sequitur;
385 3278 499 3339 deinde
524 3277 637 3338 similis
653 3278 795 3337 Amazon
819 3277 981 3356 equestris,
1007 3298 1105 3356 quam
1120 3278 1198 3338 item
1222 3276 1378 3355 pedestris

202 3388 301 3448 altera
323 3386 478 3464 sequitur;
503 3388 664 3464 postremo
686 3382 779 3444 tertia
802 3384 955 3462 equestris
980 3382 1062 3464 (sine
1082 3380 1214 3466 caligis).

203 3596 251 3650 rnit
269 3594 538 3664 Meistersignaturen,
566 3610 592 3662 p.
612 3595 656 3661 51,
687 3611 729 3648 no.
751 3594 779 3660 13
808 3593 919 3648 Journal
943 3594 990 3647 des
1010 3597 1127 3658 savants,
1161 3593 1236 3660 1843,
1265 3609 1291 3663 p.
1312 3594 1378 3660 2843

201 3685 233 3739 n:
247 3684 386 3750 Rochette,
406 3681 496 3736 Lettre
515 3680 656 3749 iSchorn,
675 3699 701 3751 p.
716 3683 764 3748 38;
777 3682 882 3736 Wiener
894 3682 1129 3751 Vorlegeblaetter,
1145 3683 1222 3750 1889,
1235 3682 1292 3738 tab.
1307 3683 1377 3750 630.

277 3774 295 3840 ¹)
315 3771 355 3827 (lt.
381 3770 520 3839 Gerhard,
538 3772 642 3826 Auserl.
661 3771 785 3838 Vasenb.,
813 3771 859 3838 ΙΙΙ,
887 3772 942 3826 tab.
971 3773 1037 3841 ara,
1066 3770 1109 3838 IV,
1137 3771 1193 3828 tab.
1213 3772 1279 3838 2663
1309 3772 1377 3825 Mus

203 3862 290 3932 Grcg,
311 3861 343 3929 ΙΙ,
362 3861 418 3916 tab.
438 3861 534 3925 32‚2a;
563 3860 741 3926 Chabouillet,
771 3859 942 3928 Descripticn
962 3859 1009 3913 des
1029 3857 1175 3931 antiquitis
1193 3859 1227 3915 de
1246 3860 1272 3914 Μ
1295 3859 1377 3915 Leuis

203 3950 297 4019 Fould,
317 3968 360 4005 no.
382 3949 463 4014 rica
482 3948 637 4018 Campanae
659 3950 716 4016 161,
736 3949 852 4003 nuncin
872 3965 964 4003 museo
983 3947 1105 4003 Parisino
1125 3952 1245 4015 servata;
1263 3949 1377 4006 Londin.

203 4039 223 4094 Ο
246 4041 276 4093 18
296 4039 383 4106 (Duas
402 4039 566 4107 posteriores
584 4039 701 4108 picturas
721 4037 753 4091 ad
775 4041 900 4092 renatum
919 4035 1020 4091 referre
1038 4041 1145 4106 possis).

214 4150 225 4176 a
274 4131 295 4197 Ι)
315 4127 488 4196 Comparetti,
507 4127 602 4182 Museo·
618 4127 732 4181 ltaliano
751 4126 777 4180 di
797 4124 928 4180 autichita
947 4125 1069 4192 classica,
1089 4125 1122 4192 II,
1143 4142 1168 4194 p.
1188 4126 1231 4193 36,
1251 4128 1283 4182 A.
