2910 4650
644 289 959 376 -ιου-’

173 505 411 592 Λαομεδοντειᾶν
435 507 510 591 ὑπὲρ
534 507 697 592 άμπλακιᾶν
721 507 754 569 ἐν
779 507 880 569 ναυσίν
904 505 1064 592 Ἀλκμήνας
1086 506 1173 578 τέκος.

172 614 232 676 εἷλε
257 614 292 677 δὲ
317 612 500 699 Περγαμίαν,
526 613 637 699 πέφνεν
660 613 695 676 δὲ
719 612 772 676 σὺν
795 612 882 697 κείνῳ
906 610 1053 699 όίερόπων

175 718 276 794 ἔθνεα,
300 721 348 783 καί
371 720 421 784 τδν
440 720 597 804 βουβόταν
620 717 708 806 ούρεϊ
728 717 791 782 ίσον

180 826 354 912 Φλέγραισιν
378 827 477 913 εύρων
501 825 634 914 Ἀλκυονῆ
657 825 809 912 σφετέρας
829 827 875 889 ού
890 825 1015 912 φείσατο

169 934 276 1020 χερσίν
296 933 523 1019 βαρυφθόγγοιο
548 937 657 1020 νευρᾶς

172 1037 337 1126 Ἡρακλέης.

265 1147 455 1226 Pherecydis
484 1147 561 1225 frag.
588 1147 644 1209 35:
681 1142 825 1233 Ἡρακλῆς
849 1144 1098 1229 ἀνακομιζόμενος
1118 1145 1195 1228 μετὰ
1221 1145 1252 1206 τδ
1278 1167 1347 1229 πορ-

174 1254 264 1338 θῆσαι
299 1251 416 1338 Τροίαν,
447 1252 604 1335 γενόμενος
630 1251 704 1313 κατὰ
734 1252 767 1314 τὸ
790 1253 916 1334 Αἰγαῖον
946 1250 1072 1332 πέλαγιις
1090 1251 1233 1338 βουλήσει
1252 1247 1352 1335 ἽΙρας

174 1357 307 1443 σφοδρῷ
334 1354 500 1445 συνεσχέθη
524 1361 661 1446 χειμῶνι·
689 1359 866 1443 κατασυρείς
892 1359 926 1422 δὲ
955 1360 998 1432 εἷς
1020 1357 1074 1419 Κῶ
1103 1359 1154 1443 τήν
1181 1356 1348 1441 όίεροπίδα,

173 1463 308 1549 ἐκιυλύθη
332 1464 468 1551 ἐπιβῆναι
491 1469 543 1553 τῆς
565 1465 655 1552 νήσου
680 1465 737 1527 ύπδ
764 1464 940 1549 Εὐρυπύλου
965 1468 1016 1527 τοῦ
1043 1462 1242 1536 Ποσειδῶνος,
1264 1464 1348 1546 βασι-

175 1570 313 1644 λεύοντος
339 1572 441 1659 αὐτῆς.
485 1571 670 1656 βιασάμενος
696 1571 741 1647 δὲ,
770 1573 818 1634 καὶ
846 1573 889 1645 ὡς
910 1571 1018 1658 ληστῆς
1040 1570 1152 1651 ἐπιβάς,
1177 1571 1275 1633 ἀνεῖλε
1299 1571 1349 1634 τὸν

180 1677 353 1762 Εὐρύπυλον
388 1680 435 1741 καὶ
470 1677 540 1745 τοὺς
572 1678 682 1751 παῖδας
711 1679 814 1747 αὐτοῦ.
856 1678 952 1763 μιγεὶς
977 1677 1012 1740 δὲ
1040 1678 1075 1763 τῇ
1106 1678 1228 1762 θυγατρὶ
1257 1678 1349 1740 αὐτοῦ

177 1784 340 1871 Χαλκιόπῃ,
371 1784 521 1848 θέσσαλον
545 1785 693 1872 ἐγέννησε.
863 1845 864 1849 ,

265 1894 411 1972 Apollod.
442 1895 484 1967 ΙΙ,
516 1891 546 1967 5,
576 1890 606 1966 9,
637 1892 745 1954 7--12
774 1893 825 1968 (ef.
851 1894 951 1953 Tzetz.
981 1892 1022 1952 ad
1050 1891 1201 1970 Lycoph„
1234 1888 1343 1967 1327):

176 1997 435 2069 καταπλεύσαντος
461 1996 495 2059 δὲ
520 1998 562 2069 εἷς
583 1997 633 2059 τὸν
657 1994 689 2057 ἐν
719 1996 885 2082 Θεμισκύρᾳ
910 1996 1020 2080 λιμένα,
1044 1994 1286 2081 παραγενομένης
1307 1996 1350 2068 ὡς

176 2102 266 2166 αὐτὸν
294 2100 469 2189 Ἱππολύτης
493 2103 541 2165 καί
571 2102 647 2175 τίνος
673 2102 738 2189 ήκοι
761 2104 853 2188 χάοιν
882 2102 1055 2189 πυθομένης,
1084 2103 1134 2164 καί
1163 2101 1270 2164 δώσειν
1300 2100 1349 2163 τδν

177 2211 319 2296 ζωστῆρα
355 2209 593 2296 ύπισχνουμένης,
629 2206 701 2295 Ἡρα
731 2211 786 2296 μιᾷ
821 2214 879 2272 τῶν
914 2209 1079 2295 ’Λμαζόνων
1113 2210 1282 2271 εἰκασθεῖσα
1318 2207 1350 2269 τό

180 2318 291 2404 πλῆθος
311 2316 466 2402 ἐπεφοίτα,
490 2317 620 2396 λεγοῦσα
645 2316 720 2403 ,,τήν
741 2315 881 2398 βασιλίδα
898 2316 1080 2400 ἁρπάζουσιν
1096 2317 1124 2376 οί
1140 2314 1354 2400 προσελθόντες

179 2421 286 2492 ξένοι“·
333 2424 364 2486 αί
392 2423 426 2486 δέ
450 2420 520 2508 μεθ’
548 2424 647 2486 όπλων
676 2423 723 2486 ἐπὶ
751 2423 802 2508 τήν
832 2426 904 2487 ναῦν
932 2421 1072 2486 κατέθεον
1099 2421 1164 2500 (σὺν
1187 2421 1290 2495 ἵπποις,
1315 2428 1350 2483 ut

177 2533 319 2610 picturae
343 2532 470 2606 decent,
501 2553 539 2593 ex
564 2532 787 2610 antiquissimo
812 2534 899 2593 fonte
926 2533 1079 2593 haustum
1109 2550 1173 2592 non
1202 2530 1348 2607 videtur).

179 2637 224 2708 ως
251 2636 285 2699 δὲ
309 2635 389 2699 εἶδεν
413 2637 507 2710 αὐτὰς
526 2636 759 2720 καθοπλισμένας
779 2632 928 2723 Ἡρακλῆς,
953 2635 1074 2721 νομίσας
1095 2636 1128 2698 ἐκ
1150 2634 1240 2697 δόλου
1265 2638 1351 2697 τούτο

178 2743 323 2825 γενέσθαι,
348 2743 399 2830 τήν
419 2743 476 2828 μὲν
499 2740 674 2830 Ἱππολύτην
697 2742 811 2817 κτείνας
831 2743 881 2806 τόν
906 2745 1046 2830 ζωστῆρα
1070 2743 1252 2828 ἀφαιρεῖται,
1278 2741 1354 2827 πρός

110 2876 114 2883 ’
178 2849 212 2911 δὲ
236 2848 287 2922 τὰς
308 2850 411 2924 λοιπὰς
432 2851 654 2935 άγωνισάαενος
674 2850 810 2924 ἀποπλεῖ,
833 2851 881 2912 καί
906 2849 1060 2936 προσίσχει
1090 2848 1190 2934 Τροίᾳ.

267 2955 459 3043 συνεβεβήκει
494 2956 529 3019 δέ
563 2979 628 3019 τοτε
657 2957 731 3019 κατὰ
756 2961 843 3043 μῆνιν
872 2955 1060 3028 Ἀπόλλωνος
1085 2956 1133 3017 καί
1163 2954 1354 3027 Ποσειδῶνος

178 3061 297 3146 άτυχεῒν
325 3060 377 3147 τήν
405 3062 495 3126 πόλιν.
543 3063 700 3126 Ἀπόλλων
730 3063 787 3147 γὰρ
817 3064 864 3124 καί
888 3061 1044 3124 Ποσειδῶν
1068 3062 1120 3146 τήν
1144 3059 1354 3145 Λαομέδοντος

178 3165 263 3252 ὕβριν
288 3169 427 3252 πειρᾶσαι
448 3168 590 3244 θέλοντες,
614 3168 798 3242 εἰκασθέντες
818 3169 987 3253 ἀνθρώποις
1008 3168 1170 3256 ὑπέσχοντο
1192 3168 1239 3229 ἐπὶ
1251 3168 1350 3250 μισθῷ

177 3278 290 3360 τειχιεῖν
320 3273 353 3336 τὸ
378 3272 548 3360 Πέργαμον.
593 3279 653 3349 τοῖς
679 3275 713 3339 δὲ
742 3274 882 3364 τειχίσασι
910 3275 959 3338 τόν
986 3274 1092 3358 μισθόν
1121 3272 1175 3336 οὐκ
1196 3271 1351 3336 ἀπεδίδου.

178 3380 227 3442 διδι
258 3383 342 3442 τοῦτο
374 3380 526 3444 Ἀπόλλων
549 3383 607 3467 μὲν
635 3382 734 3468 λυιμδν
762 3381 886 3468 έπεμψε.
935 3379 1090 3444 Ποσειδῶν
1114 3381 1148 3443 δὲ
1172 3385 1259 3467 κῆτος
1280 3381 1350 3442 άνα-

176 3486 345 3572 φερόμενον
380 3486 437 3549 ύπδ
467 3470 655 3574 πλημυρίδος,
683 3489 701 3551 δ
731 3488 799 3563 τοὺς
824 3490 856 3552 ἐν
885 3490 930 3572 τηῖ
960 3487 1055 3572 πεδίῳ
1085 3487 1273 3573 συνήρπαζεν
1301 3488 1350 3550 α’ν-

182 3593 331 3675 θρώπους.
372 3597 522 3681 χρησμῶν
545 3594 580 3657 δὲ
603 3595 747 3678 λεγόντων
770 3596 942 3681 ἀπαλλαγήν
966 3593 1086 3658 ἔσεσθαι
1101 3598 1160 3658 τῶν
1176 3596 1352 3680 συμφορῶν,

176 3693 234 3763 ’ἐὰν
257 3701 359 3786 προθῇ
381 3698 550 3785 Λαομέδων
566 3699 696 3789 Ἡσιόνην
719 3703 771 3789 τήν
794 3702 943 3787 θυγατέρα
968 3702 1059 3765 αὐτοῦ
1080 3701 1180 3786 βορὰν
1204 3703 1246 3786 τῷ
1262 3702 1352 3788 κήτει,

176 3806 193 3866 δ
229 3805 263 3869 δέ
299 3805 448 3894 προύθηκε
483 3812 547 3881 ταῖς
574 3808 693 3894 πλησίον
726 3813 778 3895 τῆς
803 3809 955 3896 θαλάσσης
982 3809 1104 3894 πέτραις
1129 3807 1350 3895 προσαρτήσας.

176 3912 285 4000 ταύτην
314 3913 386 3976 ἰδὼν
421 3914 587 4002 ἐκκειμένην
611 3911 754 4003 Ἡρακλῆς
786 3915 930 4002 ὑπέσχετο
965 3917 1072 3978 σώσειν
1108 3915 1210 4002 αὐτήν,
1246 3916 1274 3978 εἷ
1301 3914 1355 3988 τὰς

175 4021 280 4093 ἵππους
307 4021 390 4106 παρὰ
420 4018 629 4105 Λαομέδοντος
654 4021 778 4108 λήφεται
801 4021 937 4096 δςΖεδς
958 4022 1068 4108 ποινήν
1083 4026 1137 4109 τῆς
1159 4019 1355 4109 Γανυμήδους

176 4123 440 4223 ἁρπαγήςιέδωκε.
487 4127 594 4216 διύσειν
619 4127 653 4192 δὲ
678 4127 888 4216 Λαομέδοντος
908 4129 1049 4204 εἰπόντος,
1073 4127 1189 4206 κτείνας
1213 4128 1246 4196 τό
1267 4133 1356 4217 κῆτος
