2910 4650
678 308 888 374 ..53-

199 525 273 566 vera
301 505 342 566 ad
375 506 498 566 nullam
526 511 644 567 certam
683 506 826 567 fabulam
864 506 1045 567 referendae
1083 511 1196 580 essent,
1236 506 1372 567 libidine

200 617 367 673 conmotus
401 611 605 692 adscripsisse
628 612 753 674 videtur
763 607 792 690 ¹).
836 612 929 684 Quod
963 612 990 673 si
1023 613 1058 673 in
1092 632 1157 674 uno
1180 632 1220 673 ex
1244 611 1372 673 duobus

199 717 283 779 vasis
306 718 437 779 nomina
460 717 501 778 ad
523 717 690 778 libidinem
714 719 822 796 figuris
845 718 991 780 adhibita
1013 723 1097 792 sunt,
1126 718 1191 779 veri
1215 717 1372 779 dissimile

200 829 247 885 est
269 824 369 885 1111111
392 823 545 903 pictorem
568 824 633 884 fere
656 823 798 885 eiusdem
822 824 934 885 aetatis
957 824 1035 885 alias
1058 824 1195 885 rationes
1223 827 1372 885 secutum

191 949 275 990 esse.
304 931 409 1007 Atque
417 949 490 991 cum
496 930 630 1009 pictores
643 929 769 1009 saepius
775 931 951 991 Amazones
957 950 989 990 se
994 936 1163 1005 armantes,
1175 929 1371 1004 incedentes,

199 1034 262 1095 alia
285 1054 365 1113 quae
388 1035 429 1096 ad
453 1034 574 1096 bellum
596 1035 756 1114 pertinent
770 1041 897 1113 agentes
921 1036 1110 1114 depinxisse,
1136 1056 1214 1114 quas
1230 1036 1373 1116 picturas

199 1140 240 1201 ad
263 1140 406 1201 fabulam
430 1145 547 1201 certam
570 1141 623 1202 vix
640 1141 810 1219 quisquam
826 1142 939 1203 referre
954 1142 1057 1216 vellet,
1074 1141 1250 1216 videamus,
1276 1161 1374 1204 causa

199 1265 264 1308 non
287 1251 343 1320 est,
368 1267 424 1307 cur
446 1247 481 1307 in
500 1246 616 1326 pugnis
639 1248 838 1308 Amazonum
854 1247 1061 1326 depingendis
1077 1248 1188 1310 eodem
1204 1247 1302 1309 modo
1318 1268 1373 1310 eos

199 1352 319 1413 nullius
342 1353 469 1414 fabulae
492 1353 647 1413 rationem
671 1353 820 1415 habuisse
847 1373 911 1413 non
935 1353 1110 1415 credamus.
1157 1355 1263 1415 Immo
1286 1375 1371 1428 vero,

199 1457 296 1518 1111111
309 1458 336 1519 11
346 1458 387 1518 ad
400 1458 544 1519 fabulam
555 1459 696 1536 aliquam
709 1459 890 1519 referendae
899 1464 1004 1521 essent
1018 1460 1168 1538 picturae,
1183 1459 1224 1520 ad
1236 1459 1373 1521 Achillis

198 1584 340 1644 pugnam
356 1584 467 1627 omnes
483 1564 590 1625 referri
613 1585 677 1625 non
690 1564 848 1625 deberent.
891 1565 1029 1627 Pictores
1045 1566 1131 1626 enim
1143 1585 1268 1644 pugnae
1285 1567 1371 1645 apud

199 1671 438 1748 Themiscyram
455 1670 639 1743 conmissae,
664 1670 704 1731 de
727 1690 791 1748 qua
806 1671 948 1748 singulas
961 1690 1010 1733 res
1026 1691 1107 1749 quae
1117 1671 1152 1732 in
1167 1671 1223 1732 illo
1239 1672 1372 1750 antiquo

200 1777 340 1839 carmine
364 1777 573 1838 narrabantur
597 1777 661 1837 lere
684 1777 788 1839 nullas
812 1777 940 1850 scimus,
970 1782 1171 1837 momentum
1206 1779 1370 1856 temporis,

200 1903 264 1962 quo
286 1883 355 1962 ipse
379 1883 532 1944 Hercules
556 1903 575 1942 a
597 1902 704 1961 pugna
727 1882 844 1957 aberat,
861 1884 949 1943 velut
971 1883 1005 1944 id
1028 1903 1091 1960 qno
1107 1883 1261 1944 Telamon
1277 1883 1372 1944 Mela-

198 1990 331 2069 nippam
354 1989 572 2061 interficiebat,
597 1988 766 2049 inlustrare
781 1987 917 2050 voluisse
934 1993 1076 2068 possunt.
1126 1989 1188 2050 Sed
1210 1989 1245 2049 in
1269 2008 1302 2049 re
1325 1990 1371 2050 in·

199 2099 284 2155 certa
306 2094 481 2173 sapientius
504 2094 610 2167 facies,
635 2093 662 2155 si
685 2094 774 2154 nulla
789 2095 920 2155 nomina
943 2095 1051 2172 figuris
1067 2094 1168 2168 dabis,
1184 2096 1372 2173 praesertim

199 2220 273 2262 cum
296 2201 383 2279 ipsos
405 2201 540 2279 pictores
564 2220 656 2279 saepe
680 2200 769 2261 nulla
803 2206 887 2261 certa
910 2200 1050 2273 nomina,
1076 2205 1113 2261 ut
1141 2219 1157 2259 e
1180 2200 1314 2279 picturis
1338 2202 1372 2262 in

198 2307 316 2385 quibus
339 2307 481 2367 Amazon
504 2306 618 2367 victrix
641 2315 697 2380 est,
722 2326 803 2385 quae
827 2307 867 2368 ad
891 2306 1035 2367 fabulam
1050 2306 1173 2366 nullam
1187 2307 1372 2369 referendae

199 2413 355 2485 videntur,
381 2412 456 2473 satis
480 2412 619 2490 adparet,
643 2413 678 2473 in
701 2413 862 2474 mentibus
896 2412 1047 2473 habuisse
1080 2412 1252 2483 verisimile
1288 2408 1370 2492 sit2).

279 2519 444 2585 ,Venimus
478 2538 563 2579 nunc
597 2518 638 2579 ad
672 2519 811 2597 picturas
845 2519 944 2598 ipsas,
981 2537 1060 2596 quas
1097 2518 1144 2578 ita
1182 2517 1371 2580 distribuere

198 2625 292 2686 licet:
1103 2611 1104 2615 ¹

284 2732 328 2808 (a)
351 2731 415 2792 Vas
440 2729 659 2791 Chalcidicum
674 2729 726 2806 (?):
1355 2778 1358 2782 .

288 2837 452 2916 Amphora
463 2836 586 2897 Viroeb.
601 2828 709 2912 265³):
735 2855 809 2896 cum
820 2836 878 2896 loti
891 2836 1022 2897 fioribus
1034 2841 1066 2897 et
1081 2836 1243 2915 calyeibus
1259 2842 1372 2899 ornata

199 2942 249 3015 sit,
275 2942 417 3021 suspicor
440 2962 511 3002 eam
521 2942 736 3004 Chalcidicam
749 2961 828 3003 esse:
853 2942 888 3002 in
904 2942 1011 3019 figuris
1022 2942 1156 3003 rubrum
1168 2942 1370 3022 pigmentum

199 3048 339 3108 multum
363 3052 423 3119 est;
448 3047 637 3109 animalium
661 3048 815 3125 imagines
839 3047 963 3109 desunt.
1007 3049 1089 3109 Cum
1123 3069 1179 3110 vas
1212 3049 1282 3128 ipse
1305 3070 1370 3111 non

199 3153 343 3225 viderim,
369 3157 400 3214 et
423 3153 598 3215 Urlichsius
621 3153 656 3214 in
679 3153 889 3233 descriptione
912 3173 1023 3215 omnes
1058 3154 1173 3233 figuras
1208 3174 1266 3234 pro
1293 3155 1370 3217 viris

198 3259 354 3331 habuerit,
380 3254 519 3338 11111114)
534 3264 651 3334 autern,
665 3264 766 3321 errato
777 3259 946 3333 intellecto,
964 3261 1133 3321 nonnullas
1154 3280 1263 3322 earnm
1275 3264 1370 3323 Ama-

272 3420 291 3482 1)
311 3414 352 3469 Of.
372 3414 530 3481 Overbeck,
550 3413 666 3469 Galleric
686 3414 840 3468 heroisoher
858 3413 1014 3482 Bildwerke,
1033 3430 1058 3483 p.
1079 3415 1139 3469 501.

271 3505 292 3570 ²)
312 3502 353 3557 ef.
383 3519 504 3573 eaquae
532 3503 584 3557 hac
603 3502 637 3557 de
662 3519 692 3557 re
711 3503 913 3572 Kluegmannus
931 3503 1005 3568 dixit,
1026 3505 1096 3559 Ann.
1115 3503 1178 3558 dell'
1197 3504 1271 3571 lust,
1292 3504 1370 3570 1867,

198 3608 225 3662 p.
245 3592 305 3658 218,
325 3607 380 3661 sq.;
401 3591 477 3658 1874,
497 3592 557 3646 213.

270 3684 292 3749 ⁸)
311 3679 481 3749 (1111111111,
512 3680 619 3735 Antichi
651 3680 706 3735 vasi
738 3679 834 3749 dipinti
864 3679 935 3733 delle
967 3679 1113 3735 collezione
1140 3677 1223 3746 Feoli,
1254 3697 1298 3737 no.
1322 3682 1370 3746 91;

199 3768 813 3837 811111111101111111111111111110111861111.
834 3769 892 3826 168,
930 3767 981 3835 Qui
1019 3768 1066 3821 viri
1086 3766 1156 3821 docti
1177 3767 1265 3822 ululae
1285 3767 1371 3838 figura

198 3859 226 3911 et
250 3856 433 3925 inscriptione,
463 3872 543 3926 quam
562 3856 597 3910 ad
616 3857 712 3910 Thesei
731 3872 828 3911 nomen
848 3855 1009 3923 referebant,
1037 3855 1146 3918 adducti
1173 3855 1307 3925 picturam
1335 3857 1371 3912 ad

199 3945 294 4000 Thesei
314 3947 342 3998 et
362 3945 497 4014 Antiopae
515 3960 633 4014 pugnam
651 3945 785 4013 pertinere
804 3961 898 4014 parum
911 3947 985 3999 recto
999 3946 1172 4014 putaverunt;
1190 3960 1253 3999 nam
1272 3945 1299 3999 in
1314 3948 1370 3999 11111

199 4033 312 4102 antiquo
329 4048 393 4086 vase
413 4049 504 4102 pugna
520 4031 568 4086 illa
587 4033 695 4100 depicta
712 4032 796 4087 fuisse
814 4034 914 4103 nequit.
968 4063 971 4066 ⁴

270 4122 291 4193 ⁴)
312 4120 496 4178 Veracichniss
508 4120 555 4175 der
565 4119 835 4190 Antihensammlung
847 4121 894 4175 der
907 4120 983 4175 Univ.
995 4120 1163 4190 Wuerzburg,
1177 4120 1256 4188 1872,
1269 4135 1296 4189 p.
1307 4121 1369 4175 114.
