2910 4650
618 314 839 383 ..84-

143 533 240 594 equos
264 513 377 579 ducere
401 521 432 599 et
452 517 602 595 equitare,
627 517 803 591 videamus,
828 518 956 588 formas,
975 513 1092 593 quibus
1107 514 1143 574 in
1158 513 1318 592 populari·

143 623 203 684 bus
226 622 387 700 equitibus
403 622 611 702 depingendis
627 624 807 697 utebantur,
831 622 873 683 ad
887 623 1073 694 Amazones,
1092 620 1212 700 quippe
1237 639 1318 698 quae

142 748 218 806 gens
241 730 434 790 feminarum
458 723 607 791 bellicosa
641 734 723 791 artes
750 729 880 791 bellicas
904 747 1014 790 omnes
1038 732 1205 801 exerceret,
1231 727 1319 807 ipsos

142 835 264 896 Atticos
284 835 428 914 pictores,
453 841 601 915 utsupra
616 836 650 896 in
666 855 739 898 vase
752 835 934 896 Monacensi
949 834 1099 907 vidimus,
1117 834 1319 895 transtulisse

141 941 208 1003 veri
231 941 334 1002 simile
358 946 413 1004 est.
460 941 658 1004 Inventionis
679 942 747 1004 vim
770 948 837 1003 tam
853 941 1015 1021 pusillam,
1039 945 1077 1001 ut
1098 958 1174 1001 cum
1189 945 1318 1019 gentem

143 1046 334 1109 bellicosam·
349 1048 510 1126 equitibus
533 1053 694 1110 carentem
709 1049 817 1109 animo
841 1048 902 1110 sibi
919 1049 1067 1125 effingere
1089 1067 1155 1107 non
1175 1052 1316 1125 possent,

142 1155 232 1214 nulla
247 1155 368 1216 ratione
384 1155 542 1233 pictorum
558 1155 736 1216 alienorum
747 1155 867 1228 habita,
884 1154 947 1234 ipsi
962 1155 1139 1214 Amazones
1155 1158 1318 1230 equestres

142 1260 283 1333 iecerint,
319 1259 415 1320 etiam
451 1260 565 1322 Atticis
605 1260 797 1339 pictoribus,
838 1260 985 1339 quamvis
1018 1259 1145 1338 ingenio
1180 1259 1317 1320 minime

142 1365 315 1439 abundent,
340 1365 517 1426 adscribere
539 1366 622 1428 licet.

230 1472 401 1545 Postremo
427 1472 513 1550 quod
536 1474 712 1535 Amazones
735 1473 769 1534 in
797 1473 989 1552 Aethiopide
1023 1477 1183 1550 equestres
1218 1473 1317 1535 fuisse

142 1577 242 1639 credit
264 1577 485 1652 Loeschckius,
510 1578 544 1639 id
567 1599 670 1657 neque
693 1579 837 1655 adfirmo,
873 1599 986 1657 neque,
1021 1597 1220 1656 quamquam
1253 1599 1317 1640 non

141 1683 207 1744 veri
230 1683 334 1745 simile
349 1683 483 1758 videtur,
507 1705 596 1763 nego.
644 1685 684 1746 ld
698 1705 788 1763 nege,
810 1685 1001 1748 sententiam
1016 1684 1106 1745 illam
1121 1683 1210 1746 illius
1226 1685 1316 1745 ratio-

142 1789 237 1851 nibus
261 1788 480 1852 demonstrari.
528 1791 610 1852 Nam
634 1792 731 1853 etiam
756 1791 888 1854 sirecte
912 1811 967 1854 vas
995 1790 1077 1851 illud
1101 1790 1313 1864 Corinthium,

142 1895 228 1971 quod
252 1894 409 1969 describit,
434 1897 593 1977 picturam
617 1898 659 1959 ad
675 1897 894 1958 Chalcidicum
919 1897 1079 1976 exemplar
1094 1896 1216 1957 factam
1233 1897 1316 1957 exhi-

142 1999 214 2060 bere
229 2000 358 2090 iudicat,
376 2001 410 2061 id
425 2002 508 2062 nihil
520 2002 716 2064 demonstrat
727 2004 789 2065 nisi
795 2003 1018 2064 Chalcidenses
1029 2002 1170 2064 virorum
1181 2022 1313 2082 pugnas,

142 2111 178 2167 ut
201 2126 297 2186 supra
320 2106 470 2182 diximus,
495 2129 531 2169 eo
555 2109 651 2170 modo
675 2109 843 2189 depingere
867 2109 976 2171 solitos
1011 2110 1123 2187 fuisse3
1158 2108 1198 2169 de
1222 2111 1314 2170 Ama·

141 2212 272 2275 zonibus
295 2213 377 2272 nihil
400 2233 438 2275 ex
462 2234 499 2275 ea
520 2235 553 2276 re
570 2215 715 2277 efficitur.
762 2216 923 2277 Picturam
945 2235 1019 2277 vero
1041 2215 1132 2275 illam
1156 2214 1198 2275 ad
1223 2217 1313 2276 Ama·

140 2339 233 2382 zones
256 2319 471 2399 depingendae
493 2341 512 2381 a
534 2321 691 2401 principio
712 2322 877 2384 inventam
900 2341 966 2384 esse
989 2320 1042 2383 vix
1059 2322 1232 2399 quisquam
1255 2321 1314 2383 sibi

141 2424 352 2504 persuadebit.
385 2426 448 2487 Sed
470 2427 549 2489 haec
571 2427 735 2490 hactenus.

233 2532 338 2592 XVII.
386 2533 573 2618 Amazones=
596 2535 631 2594 in
661 2535 750 2612 equis
774 2534 918 2596 sedentes
951 2534 985 2595 id
1019 2534 1106 2612 quod
1138 2534 1174 2594 in
1209 2534 1314 2596 media

140 2638 264 2717 pictura
288 2639 324 2699 fit
347 2643 500 2717 spectant.
534 2640 627 2711 Quod
650 2660 715 2701 non
738 2641 799 2701 nisi
823 2641 963 2702 invasis
987 2641 1063 2702 atris
1087 2641 1196 2719 figuris
1213 2646 1314 2721 poste·

139 2744 228 2804 rioris
251 2744 373 2822 generis
389 2746 588 2824 neglegenter
611 2747 704 2826 pictis
720 2747 883 2827 reperitur.
1212 2828 1216 2834 ἱ

233 2851 375 2929 Cyathus
398 2851 533 2914 Londinss
559 2854 585 2913 B
600 2851 666 2915 415
689 2852 778 2932 (660)
788 2848 821 2932 ¹):
847 2854 882 2915 in
897 2853 1004 2914 media
1019 2854 1144 2933 pictura
1159 2854 1314 2915 Hercules

139 2975 254 3035 aprum
271 2956 520 3035 Erymanthium
536 2959 658 3032 domat3
676 2960 710 3021 in
726 2967 860 3038 utraque
876 2964 965 3038 parte
977 2962 1120 3021 Amazon
1133 2961 1312 3040 chlamyde,

139 3062 270 3136 casside,
296 3063 403 3123 collari
428 3064 580 3142 praedita,
597 3073 757 3145 praeterea
780 3067 814 3127 in
838 3067 950 3127 dextra
964 3071 1054 3146 parte
1077 3068 1176 3128 altera
1199 3067 1314 3130 similis

138 3170 239 3247 ligura
261 3169 341 3246 (sine
366 3169 494 3248 collari),
520 3171 610 3233 cuius
635 3192 735 3250 equus
759 3173 800 3234 ad
824 3173 971 3234 dextram
994 3193 1104 3236 versus
1127 3178 1183 3236 est.

226 3276 372 3356 Lecythi:
395 3277 510 3338 Athen.
526 3275 604 3339 284:
621 3278 656 3338 in
668 3280 775 3341 media
787 3281 912 3359 pictura
924 3280 1039 3340 mulier
1051 3285 1173 3341 armata
1184 3280 1312 3341 hastam

136 3384 171 3444 in
187 3384 324 3445 militem
341 3383 509 3445 cadentem
526 3384 665 3447 intendit
680 3386 866 3463 (Athenaet
881 3387 1102 3465 Encelados‘l);
1127 3387 1162 3447 in
1178 3391 1312 3465 utraque

136 3495 226 3569 parte
249 3493 401 3551 Amazon.

226 3597 311 3658 Olim
324 3596 363 3658 de
374 3598 552 3658 Hermanni
561 3592 597 3677 ²):
622 3599 656 3659 in
671 3599 779 3660 media
789 3599 914 3679 pictura
925 3598 1081 3660 Hercules
1093 3603 1124 3659 et
1134 3598 1310 3671 Achelous;

135 3704 169 3763 in
193 3704 320 3766 sinistra
343 3708 431 3782 parte
455 3704 556 3781 figura
579 3705 732 3783 equestris
755 3707 893 3779 mitrata,
918 3705 952 3765 in
976 3706 1074 3766 altera
1097 3709 1185 3783 parte
1212 3706 1312 3783 figura

136 3810 259 3884 similis,
285 3810 376 3872 cuius
399 3810 500 3871 crines
524 3811 610 3889 longi
633 3812 713 3873 vitta
747 3812 820 3873 alba
853 3812 933 3890 (sine
957 3813 1064 3890 mitra)
1098 3811 1202 3872 ornati
1226 3817 1309 3873 sunt.

208 3970 227 4034 ¹)
246 3965 366 4020 Durandi
386 3966 445 4022 275.
481 4040 489 4047 ..
938 4015 939 4019 ,

152 4126 153 4130 ¹
206 4058 227 4122 ²)
246 4054 577 4122 Dubois-llaisonneuve,
609 4054 793 4109 Introduction
822 4053 839 4108 at
867 4053 966 4109 l’etude
994 4054 1043 4109 des
1070 4070 1148 4109 vases
1177 4056 1310 4127 antiques,

134 4142 190 4197 tab.
204 4141 247 4208 24,
263 4144 294 4213 13
313 4159 361 4197 vas
380 4143 597 4228 lecythumesse
617 4160 672 4203 non
690 4159 801 4212 prorsus
820 4147 921 4199 certum
939 4148 988 4200 est.
