2910 4650
618 335 660 347 ..
707 302 747 363 35
796 320 860 346 ,--«

231 496 364 557 Londin.
378 498 404 556 B
416 494 494 558 577:
519 497 553 556 in
576 497 684 557 media
699 498 821 576 pictura
839 498 992 559 Hercules
1009 518 1083 558 cum
1099 499 1314 561 Amazonibus

140 607 274 683 pugnat;
298 603 334 662 in
357 608 491 681 utraque
516 608 603 682 parte
627 604 741 664 mulier
764 604 917 682 equestris
941 605 1110 683 chlamyde
1139 611 1170 666 et
1193 606 1314 667 casside

140 711 308 781 instructa3
333 710 373 770 cf.
398 729 503 789 supra,
527 731 558 789 p.
585 709 636 772 21.

229 815 380 891 Pausiae,
397 816 432 876 in
448 836 559 877 museo
574 816 703 896 publico
717 820 852 877 servata:
870 816 904 877 in
917 816 1023 877 media
1035 817 1160 896 pictura
1172 818 1315 880 Minerva

142 928 173 984 et
194 922 388 995 Enceladum
414 943 479 984 una
502 925 644 984 Amazon
667 923 806 996 mitram,
831 923 930 984 altera
953 923 1152 1002 cassidem(‘?)
1175 925 1262 1002 gerit.

230 1029 372 1090 Parisina
395 1030 493 1091 altera
513 1029 626 1091 similis
649 1028 769 1090 ibidem
794 1035 930 1091 servata:
955 1030 1072 1107 figurae
1089 1031 1209 1106 mitras,
1234 1051 1315 1110 quae

141 1136 253 1214 longae
275 1135 310 1195 in
333 1137 427 1214 tergis
451 1135 640 1215 dependent,
663 1137 698 1196 in
722 1136 880 1215 capitibus
903 1135 1031 1198 habent.

230 1235 452 1324 Siciliensisi¹)
480 1242 598 1320 figurae
624 1243 734 1320 longas
761 1243 872 1304 mitras
895 1249 1021 1322 gerunt;
1056 1244 1090 1304 in
1119 1243 1226 1305 media
1253 1245 1314 1324 pic·

140 1354 213 1411 tura
235 1349 389 1410 Hercules
413 1368 487 1410 cum
511 1352 671 1410 Amazone
695 1349 839 1421 dimicat;
865 1349 904 1410 cf.
930 1369 1034 1428 supra,
1059 1371 1090 1429 p.
1117 1349 1168 1412 21.

229 1455 353 1516 XVIII.
379 1456 520 1516 Amazon
543 1475 617 1517 cum
640 1457 761 1535 grypha
783 1460 914 1536 pugnat.

229 1563 319 1622 Haec
334 1581 392 1635 res,
418 1582 498 1640 quae
522 1563 648 1642 saepius
671 1563 705 1622 in
728 1562 811 1624 vasis
832 1562 910 1624 rufis
933 1562 1041 1639 figuris
1064 1563 1246 1641 posterioris
1267 1584 1315 1641 ge

139 1669 225 1730 neris
249 1667 368 1729 ornatis
391 1670 554 1748 reperitur,
575 1670 610 1730 in
634 1668 867 1748 antiquioribus
894 1688 1074 1746 numquam
1103 1669 1230 1748 depicta
1257 1675 1314 1745 est,

139 1775 203 1838 nisi
233 1774 320 1853 quod
348 1773 387 1835 de
414 1775 542 1838 Wittius
570 1782 713 1855 pateram
742 1776 817 1837 atris
846 1774 954 1852 figuris
978 1780 1122 1836 ornatam
1152 1776 1229 1835 olim
1253 1777 1314 1837 Du-

138 1881 232 1946 randi
257 1879 320 1943 351
345 1881 379 1941 in
402 1900 467 1941 uno
490 1882 587 1943 latere
615 1886 811 1944 Amazonem
839 1881 948 1942 tunica
976 1881 1072 1957 brevi,
1105 1883 1209 1956 mitra,
1234 1882 1315 1963 [pha-

138 1993 232 2063 retra,
258 1988 360 2049 securi
383 1987 571 2067 praeditam,
596 1989 734 2068 quaein
754 1989 908 2068 gryphem
932 1988 1135 2050 vulneratum
1159 1989 1193 2050 in
1217 1991 1315 2051 altero

137 2096 237 2156 latere
261 2093 424 2173 depictum
448 2101 561 2170 currat,
586 2095 735 2157 exhibere
751 2094 837 2156 dicit.
884 2095 1000 2155 Forma
1024 2095 1153 2172 quidem
1178 2102 1313 2175 paterae,

138 2221 240 2280 quam
262 2200 316 2261 ille
338 2201 373 2261 in
396 2202 538 2280 catalogo
566 2203 705 2282 praebet,
730 2221 878 2264 vasorum
899 2201 975 2262 atris
999 2201 1107 2278 figuris
1132 2206 1314 2262 ornatorum

138 2307 269 2387 propria
284 2312 340 2368 est.
388 2307 450 2369 Sed
465 2308 499 2369 in
515 2314 582 2371 tam
607 2308 738 2386 antiquo
761 2328 835 2370 vase
853 2308 950 2369 talem
973 2307 1132 2387 picturam
1149 2328 1215 2370 esse
1232 2328 1315 2388 pror-

139 2434 194 2476 sus
217 2412 403 2474 incredibile
425 2414 560 2490 videtur,
577 2416 622 2476 ita
645 2419 682 2476 ut
705 2434 841 2476 errorem
865 2413 1026 2493 quendam
1046 2415 1080 2475 in
1105 2415 1315 2494 descriptione

138 2522 244 2582 inesse
267 2513 439 2603 credam.²)

231 2626 320 2687 XIX.
346 2627 546 2686 Amazonum
570 2626 684 2706 capita.

229 2732 377 2811 Lecythi;
402 2733 583 2794 Ravesteini
600 2732 679 2796 266:
705 2738 836 2812 caputa
859 2733 956 2794 latere
980 2734 1084 2795 visum
1111 2733 1184 2794 albo
1213 2734 1314 2793 colore

138 2840 174 2901 in
198 2858 272 2901 vase
295 2840 367 2899 rulo
382 2838 505 2918 pictum
523 2845 583 2912 est;
608 2841 709 2900 crines
725 2838 806 2900 fulvi
822 2845 906 2913 sunt,
923 2839 958 2899 in
974 2839 1091 2918 quibus
1107 2840 1203 2901 mitra
1218 2840 1313 2918 Phry-

141 2947 195 3026 gia
217 2945 321 3026 posita
344 2950 401 3006 cst.
445 3003 446 3007 ,

235 3047 536 3130 Vindobcnensis:³)
559 3057 656 3132 caput
678 3051 751 3113 albo
775 3053 947 3132 pigmento,
972 3053 1069 3116 mitra
1095 3059 1163 3116 atro
1184 3055 1218 3114 in
1244 3073 1315 3115 vase

140 3161 212 3221 rufo
236 3158 362 3238 depicta
384 3164 440 3220 est.
965 3215 967 3218 ,

230 3265 341 3326 Patere
352 3265 429 3326 olim
441 3265 550 3339 Feolii,
564 3285 649 3326 nunc
663 3265 785 3327 Virccb.
800 3264 875 3341 349,
889 3271 986 3345 caput
997 3265 1135 3340 exhibet,
1150 3265 1234 3343 quod
1248 3285 1315 3327 esse

141 3372 303 3434 Minervae
326 3373 543 3452 potiusquam
558 3372 739 3447 Amazonis,
756 3372 790 3433 id
814 3372 900 3450 quod
917 3373 1146 3451 Campanarius
1163 3365 1313 3455 statuit⁴),

139 3481 206 3541 iam
230 3478 407 3540 Urlichsius
430 3479 600 3557 perspexit.

230 3585 302 3647 XX.
327 3585 413 3646 Vasa
436 3604 516 3663 quae
544 3585 663 3647 incerta
690 3585 740 3646 vel
767 3586 884 3646 refecta
916 3585 966 3646 vel
993 3585 1034 3646 ad
1058 3587 1234 3647 Amazones
1262 3605 1315 3664 pa-

139 3712 213 3754 rum
237 3696 319 3753 recte
342 3693 441 3753 relata
463 3691 620 3754 videntur.

216 3869 234 3935 ¹)
254 3864 371 3936 Graphis
389 3865 416 3919 in
436 3864 597 3920 bibliotheca
615 3864 699 3919 musei
720 3864 815 3932 Berol,
835 3864 890 3931 XV,
910 3866 952 3918 65.

213 3959 234 4022 ²)
253 3954 287 4008 cf.
307 3954 485 4025 Kluegmanu,
504 3954 547 4009 dic
566 3955 720 4009 Amazones
739 3954 766 4008 in
785 3953 834 4008 der·
853 3957 899 4007 att.
913 3953 963 4007 Lit.
978 3971 1002 4008 u.
1017 3953 1112 4019 Kunst,
1131 3968 1157 4021 p.
1177 3954 1221 4019 55,
1240 3968 1265 4007 n.

214 4045 235 4111 ³)
254 4043 295 4098 De
314 4036 420 4098 Sa'cken
439 4047 467 4098 et
485 4043 600 4111 Kenuer,
619 4044 637 4100 l.
657 4042 684 4110 l.,
703 4060 729 4112 p.
749 4043 810 4110 214,
830 4059 873 4097 uo.
892 4041 936 4098 43.

214 4135 235 4200 ⁴)
254 4131 425 4204 Comparari,
445 4131 551 4186 Antichi
572 4132 629 4186 vasi
648 4131 744 4202 dipinti
763 4131 833 4185 delle
852 4130 997 4186 collezionc
1017 4130 1100 4198 Fcoli,
1119 4146 1163 4189 no.
1182 4129 1225 4184 94.
