<?xml version="1.0" encoding="UTF-8"?>
<!DOCTYPE html PUBLIC "-//W3C//DTD XHTML 1.0 Transitional//EN"
    "http://www.w3.org/TR/xhtml1/DTD/xhtml1-transitional.dtd">
<html xmlns="http://www.w3.org/1999/xhtml" xml:lang="en" lang="en">
 <head>
  <title>
</title>
<meta http-equiv="Content-Type" content="text/html;charset=utf-8" />
  <meta name='ocr-system' content='tesseract 3.04.00' />
  <meta name='ocr-capabilities' content='ocr_page ocr_carea ocr_par ocr_line ocrx_word'/>
</head>
<body>
  <div class='ocr_page' id='page_1' title='image "./deamazonumantiq00coregoog_0063.png"; bbox 0 0 2910 4650; ppageno 0'>
   <div class='ocr_carea' id='block_1_1' title="bbox 659 309 880 376">
    <p class='ocr_par' dir='ltr' id='par_1_1' title="bbox 659 309 880 376">
     <span class='ocr_line' id='line_1_1' title="bbox 659 309 880 376; baseline 0 -19"><span class='ocrx_word' id='word_1_1' title='bbox 659 309 880 376; x_wconf 65' lang='lat'>..54-</span> 
     </span>
    </p>
   </div>
   <div class='ocr_carea' id='block_1_2' title="bbox 184 507 1377 3866">
    <p class='ocr_par' dir='ltr' id='par_1_2' title="bbox 184 507 1364 675">
     <span class='ocr_line' id='line_1_2' title="bbox 274 507 1364 585; baseline -0.002 -17"><span class='ocrx_word' id='word_1_2' title='bbox 274 508 399 570; x_wconf 84' lang='lat' dir='ltr'>Virceb.</span> <span class='ocrx_word' id='word_1_3' title='bbox 426 508 485 572; x_wconf 84' lang='lat'>83:</span> <span class='ocrx_word' id='word_1_4' title='bbox 516 511 658 569; x_wconf 86' lang='lat' dir='ltr'><strong>Amazon</strong></span> <span class='ocrx_word' id='word_1_5' title='bbox 686 511 809 568; x_wconf 88' lang='lat' dir='ltr'>armata</span> <span class='ocrx_word' id='word_1_6' title='bbox 837 507 919 568; x_wconf 85' lang='lat' dir='ltr'>inter</span> <span class='ocrx_word' id='word_1_7' title='bbox 953 507 1142 568; x_wconf 90' lang='lat' dir='ltr'>animalium</span> <span class='ocrx_word' id='word_1_8' title='bbox 1170 507 1281 584; x_wconf 85' lang='lat' dir='ltr'>figuris</span> <span class='ocrx_word' id='word_1_9' title='bbox 1309 526 1364 585; x_wconf 76' lang='lat' dir='ltr'>po</span> 
     </span>
     <span class='ocr_line' id='line_1_3' title="bbox 184 614 324 675; baseline -0.007 0"><span class='ocrx_word' id='word_1_10' title='bbox 184 614 246 675; x_wconf 86' lang='lat' dir='ltr'>sita</span> <span class='ocrx_word' id='word_1_11' title='bbox 268 618 324 675; x_wconf 89' lang='lat' dir='ltr'>est.</span> 
     </span>
    </p>

    <p class='ocr_par' dir='ltr' id='par_1_3' title="bbox 274 719 1271 798">
     <span class='ocr_line' id='line_1_4' title="bbox 274 719 1271 798; baseline -0.003 -16"><span class='ocrx_word' id='word_1_12' title='bbox 274 720 315 797; x_wconf 74' lang='lat' dir='ltr'>(r)</span> <span class='ocrx_word' id='word_1_13' title='bbox 339 722 423 782; x_wconf 90' lang='lat' dir='ltr'>Vasa</span> <span class='ocrx_word' id='word_1_14' title='bbox 445 721 551 781; x_wconf 89' lang='lat' dir='ltr'>Attica</span> <span class='ocrx_word' id='word_1_15' title='bbox 574 719 649 780; x_wconf 89' lang='lat' dir='ltr'>atris</span> <span class='ocrx_word' id='word_1_16' title='bbox 673 719 782 796; x_wconf 85' lang='lat' dir='ltr'>figuris</span> <span class='ocrx_word' id='word_1_17' title='bbox 804 719 985 798; x_wconf 84' lang='lat' dir='ltr'>posterioris</span> <span class='ocrx_word' id='word_1_18' title='bbox 1001 719 1130 796; x_wconf 44' lang='lat' dir='ltr'>&gt;generis</span> <span class='ocrx_word' id='word_1_19' title='bbox 1146 722 1271 779; x_wconf 83' lang='lat' dir='ltr'>ornata:</span> 
     </span>
    </p>

    <p class='ocr_par' dir='ltr' id='par_1_4' title="bbox 189 821 1364 1010">
     <span class='ocr_line' id='line_1_5' title="bbox 275 821 1364 905; baseline -0.001 -20"><span class='ocrx_word' id='word_1_20' title='bbox 275 826 469 904; x_wconf 91' lang='lat' dir='ltr'>Amphorae:</span> <span class='ocrx_word' id='word_1_21' title='bbox 495 827 572 887; x_wconf 87' lang='lat' dir='ltr'>olim</span> <span class='ocrx_word' id='word_1_22' title='bbox 596 821 848 905; x_wconf 86' lang='lat' dir='ltr'>Campanarii:¹)</span> <span class='ocrx_word' id='word_1_23' title='bbox 872 825 1013 903; x_wconf 90' lang='lat' dir='ltr'>quinque</span> <span class='ocrx_word' id='word_1_24' title='bbox 1036 827 1212 886; x_wconf 81' lang='lat' dir='ltr'><strong>Amazones</strong></span> <span class='ocrx_word' id='word_1_25' title='bbox 1235 825 1270 885; x_wconf 91' lang='lat' dir='ltr'>in</span> <span class='ocrx_word' id='word_1_26' title='bbox 1287 843 1364 902; x_wconf 83' lang='lat' dir='ltr'>pug-</span> 
     </span>
     <span class='ocr_line' id='line_1_6' title="bbox 189 931 761 1010; baseline 0 -20"><span class='ocrx_word' id='word_1_27' title='bbox 189 950 264 991; x_wconf 89' lang='lat' dir='ltr'>nam</span> <span class='ocrx_word' id='word_1_28' title='bbox 289 935 433 1003; x_wconf 87' lang='lat' dir='ltr'>currunt;</span> <span class='ocrx_word' id='word_1_29' title='bbox 459 932 499 992; x_wconf 84' lang='lat' dir='ltr'>of.</span> <span class='ocrx_word' id='word_1_30' title='bbox 523 951 628 1010; x_wconf 91' lang='lat' dir='ltr'>supra,</span> <span class='ocrx_word' id='word_1_31' title='bbox 653 952 683 1009; x_wconf 93' lang='lat' dir='ltr'>p.</span> <span class='ocrx_word' id='word_1_32' title='bbox 710 931 761 991; x_wconf 77' lang='lat'>20.</span> 
     </span>
    </p>

    <p class='ocr_par' dir='ltr' id='par_1_5' title="bbox 191 1036 1365 1221">
     <span class='ocr_line' id='line_1_7' title="bbox 278 1036 1365 1115; baseline 0 -19"><span class='ocrx_word' id='word_1_33' title='bbox 278 1037 503 1098; x_wconf 84' lang='lat' dir='ltr'>Thorvaldseni</span> <span class='ocrx_word' id='word_1_34' title='bbox 529 1037 586 1098; x_wconf 78' lang='lat'>40:</span> <span class='ocrx_word' id='word_1_35' title='bbox 612 1038 755 1097; x_wconf 82' lang='lat' dir='ltr'><strong>Amazon</strong></span> <span class='ocrx_word' id='word_1_36' title='bbox 779 1036 813 1096; x_wconf 90' lang='lat' dir='ltr'>in</span> <span class='ocrx_word' id='word_1_37' title='bbox 830 1055 970 1115; x_wconf 85' lang='lat' dir='ltr'>pugnam</span> <span class='ocrx_word' id='word_1_38' title='bbox 994 1037 1033 1109; x_wconf 90' lang='lat' dir='ltr'>it;</span> <span class='ocrx_word' id='word_1_39' title='bbox 1058 1036 1092 1096; x_wconf 90' lang='lat' dir='ltr'>in</span> <span class='ocrx_word' id='word_1_40' title='bbox 1115 1041 1250 1114; x_wconf 88' lang='lat' dir='ltr'>utraque</span> <span class='ocrx_word' id='word_1_41' title='bbox 1274 1041 1365 1114; x_wconf 87' lang='lat' dir='ltr'>parte</span> 
     </span>
     <span class='ocr_line' id='line_1_8' title="bbox 191 1141 1055 1221; baseline 0.001 -20"><span class='ocrx_word' id='word_1_42' title='bbox 191 1142 292 1218; x_wconf 85' lang='lat' dir='ltr'>figura</span> <span class='ocrx_word' id='word_1_43' title='bbox 315 1141 446 1220; x_wconf 89' lang='lat' dir='ltr'>palliata</span> <span class='ocrx_word' id='word_1_44' title='bbox 469 1141 641 1221; x_wconf 78' lang='lat' dir='ltr'>adspectat.</span> <span class='ocrx_word' id='word_1_45' title='bbox 1052 1207 1055 1212; x_wconf 62' lang='grc'><strong>,</strong></span> 
     </span>
    </p>

    <p class='ocr_par' dir='ltr' id='par_1_6' title="bbox 186 1246 1365 1540">
     <span class='ocr_line' id='line_1_9' title="bbox 279 1246 1362 1326; baseline 0.001 -19"><span class='ocrx_word' id='word_1_46' title='bbox 279 1246 479 1308; x_wconf 89' lang='lat' dir='ltr'>Oenochoae:</span> <span class='ocrx_word' id='word_1_47' title='bbox 496 1248 677 1326; x_wconf 78' lang='lat' dir='ltr'>Campanae</span> <span class='ocrx_word' id='word_1_48' title='bbox 694 1248 768 1322; x_wconf 87' lang='lat'><strong>993,</strong></span> <span class='ocrx_word' id='word_1_49' title='bbox 786 1249 921 1310; x_wconf 90' lang='lat' dir='ltr'>nuncin</span> <span class='ocrx_word' id='word_1_50' title='bbox 938 1268 1049 1311; x_wconf 90' lang='lat' dir='ltr'>museo</span> <span class='ocrx_word' id='word_1_51' title='bbox 1066 1248 1207 1310; x_wconf 84' lang='lat' dir='ltr'>Parisino</span> <span class='ocrx_word' id='word_1_52' title='bbox 1224 1253 1362 1311; x_wconf 90' lang='lat' dir='ltr'>servata:</span> 
     </span>
     <span class='ocr_line' id='line_1_10' title="bbox 186 1353 1365 1434; baseline 0.002 -22"><span class='ocrx_word' id='word_1_53' title='bbox 186 1353 328 1413; x_wconf 87' lang='lat' dir='ltr'>Amazon</span> <span class='ocrx_word' id='word_1_54' title='bbox 352 1353 458 1427; x_wconf 89' lang='lat' dir='ltr'>ocreis,</span> <span class='ocrx_word' id='word_1_55' title='bbox 476 1353 593 1426; x_wconf 83' lang='lat' dir='ltr'>tunica,</span> <span class='ocrx_word' id='word_1_56' title='bbox 618 1354 796 1432; x_wconf 80' lang='lat' dir='ltr'>chlamyde,</span> <span class='ocrx_word' id='word_1_57' title='bbox 824 1355 919 1416; x_wconf 88' lang='lat' dir='ltr'>mitra</span> <span class='ocrx_word' id='word_1_58' title='bbox 943 1355 1101 1433; x_wconf 83' lang='lat' dir='ltr'>Scythica,</span> <span class='ocrx_word' id='word_1_59' title='bbox 1125 1374 1246 1434; x_wconf 91' lang='lat' dir='ltr'>parma,</span> <span class='ocrx_word' id='word_1_60' title='bbox 1271 1355 1365 1416; x_wconf 85' lang='lat' dir='ltr'>hasta</span> 
     </span>
     <span class='ocr_line' id='line_1_11' title="bbox 189 1457 829 1540; baseline 0.002 -21"><span class='ocrx_word' id='word_1_61' title='bbox 189 1457 345 1519; x_wconf 88' lang='lat' dir='ltr'>instructa</span> <span class='ocrx_word' id='word_1_62' title='bbox 367 1458 408 1519; x_wconf 91' lang='lat' dir='ltr'>ad</span> <span class='ocrx_word' id='word_1_63' title='bbox 432 1459 577 1519; x_wconf 76' lang='lat' dir='ltr'>dextram</span> <span class='ocrx_word' id='word_1_64' title='bbox 600 1459 668 1520; x_wconf 89' lang='lat' dir='ltr'>iens</span> <span class='ocrx_word' id='word_1_65' title='bbox 692 1460 829 1540; x_wconf 89' lang='lat' dir='ltr'>respicit.</span> 
     </span>
    </p>

    <p class='ocr_par' dir='ltr' id='par_1_7' title="bbox 275 1563 1031 1627">
     <span class='ocr_line' id='line_1_12' title="bbox 275 1563 1031 1627; baseline 0.003 -3"><span class='ocrx_word' id='word_1_66' title='bbox 275 1564 374 1625; x_wconf 84' lang='lat' dir='ltr'>Feolii</span> <span class='ocrx_word' id='word_1_67' title='bbox 398 1563 454 1626; x_wconf 82' lang='lat'>92:</span> <span class='ocrx_word' id='word_1_68' title='bbox 480 1564 561 1625; x_wconf 88' lang='lat' dir='ltr'>duae</span> <span class='ocrx_word' id='word_1_69' title='bbox 585 1566 760 1627; x_wconf 82' lang='lat' dir='ltr'>Amazones</span> <span class='ocrx_word' id='word_1_70' title='bbox 784 1570 923 1626; x_wconf 88' lang='lat' dir='ltr'>armatae</span> <span class='ocrx_word' id='word_1_71' title='bbox 947 1570 1031 1626; x_wconf 87' lang='lat' dir='ltr'>sunt.</span> 
     </span>
    </p>

    <p class='ocr_par' dir='ltr' id='par_1_8' title="bbox 189 1664 1363 1853">
     <span class='ocr_line' id='line_1_13' title="bbox 277 1664 1363 1751; baseline 0.001 -21"><span class='ocrx_word' id='word_1_72' title='bbox 277 1669 411 1731; x_wconf 91' lang='lat' dir='ltr'>Londin.</span> <span class='ocrx_word' id='word_1_73' title='bbox 443 1671 468 1730; x_wconf 90' lang='lat' dir='ltr'>B</span> <span class='ocrx_word' id='word_1_74' title='bbox 497 1667 562 1732; x_wconf 63' lang='lat'>2156</span> <span class='ocrx_word' id='word_1_75' title='bbox 590 1664 726 1748; x_wconf 76' lang='lat'>(653):²)</span> <span class='ocrx_word' id='word_1_76' title='bbox 753 1672 895 1732; x_wconf 84' lang='lat' dir='ltr'>Amazon</span> <span class='ocrx_word' id='word_1_77' title='bbox 919 1670 1068 1733; x_wconf 90' lang='lat' dir='ltr'>incedens</span> <span class='ocrx_word' id='word_1_78' title='bbox 1091 1671 1231 1751; x_wconf 85' lang='lat' dir='ltr'>respicit,</span> <span class='ocrx_word' id='word_1_79' title='bbox 1265 1692 1363 1751; x_wconf 89' lang='lat' dir='ltr'>prope</span> 
     </span>
     <span class='ocr_line' id='line_1_14' title="bbox 189 1775 500 1853; baseline 0 -17"><span class='ocrx_word' id='word_1_80' title='bbox 189 1794 260 1845; x_wconf 83' lang='lat' dir='ltr'>eam</span> <span class='ocrx_word' id='word_1_81' title='bbox 284 1780 331 1836; x_wconf 81' lang='lat' dir='ltr'>est</span> <span class='ocrx_word' id='word_1_82' title='bbox 354 1775 500 1853; x_wconf 80' lang='lat' dir='ltr'>canis(?).</span> 
     </span>
    </p>

    <p class='ocr_par' dir='ltr' id='par_1_9' title="bbox 188 1878 1362 2065">
     <span class='ocr_line' id='line_1_15' title="bbox 276 1878 1362 1958; baseline 0.003 -17"><span class='ocrx_word' id='word_1_83' title='bbox 276 1881 411 1943; x_wconf 86' lang='lat' dir='ltr'>Londin.</span> <span class='ocrx_word' id='word_1_84' title='bbox 429 1883 463 1941; x_wconf 91' lang='lat' dir='ltr'>B.</span> <span class='ocrx_word' id='word_1_85' title='bbox 481 1878 547 1942; x_wconf 78' lang='lat'>500</span> <span class='ocrx_word' id='word_1_86' title='bbox 563 1880 668 1958; x_wconf 66' lang='lat'><strong>(.⁶34)2</strong></span> <span class='ocrx_word' id='word_1_87' title='bbox 694 1882 776 1943; x_wconf 89' lang='lat' dir='ltr'>duae</span> <span class='ocrx_word' id='word_1_88' title='bbox 793 1884 967 1943; x_wconf 89' lang='lat' dir='ltr'>Amazones</span> <span class='ocrx_word' id='word_1_89' title='bbox 992 1882 1090 1942; x_wconf 88' lang='lat' dir='ltr'>altera</span> <span class='ocrx_word' id='word_1_90' title='bbox 1112 1883 1152 1943; x_wconf 93' lang='lat' dir='ltr'>ab</span> <span class='ocrx_word' id='word_1_91' title='bbox 1175 1883 1306 1945; x_wconf 88' lang='lat' dir='ltr'>alterius</span> <span class='ocrx_word' id='word_1_92' title='bbox 1321 1884 1362 1944; x_wconf 93' lang='lat' dir='ltr'>la-</span> 
     </span>
     <span class='ocr_line' id='line_1_16' title="bbox 188 1986 1308 2065; baseline 0.003 -19"><span class='ocrx_word' id='word_1_93' title='bbox 188 1991 253 2061; x_wconf 83' lang='lat' dir='ltr'>tere</span> <span class='ocrx_word' id='word_1_94' title='bbox 276 1986 457 2048; x_wconf 87' lang='lat' dir='ltr'>incedentes</span> <span class='ocrx_word' id='word_1_95' title='bbox 481 1987 663 2065; x_wconf 90' lang='lat' dir='ltr'>respiciunt.</span> <span class='ocrx_word' id='word_1_96' title='bbox 710 1988 818 2048; x_wconf 88' lang='lat' dir='ltr'>Altera</span> <span class='ocrx_word' id='word_1_97' title='bbox 840 2007 950 2058; x_wconf 90' lang='lat' dir='ltr'>earum</span> <span class='ocrx_word' id='word_1_98' title='bbox 973 1988 1082 2049; x_wconf 83' lang='lat' dir='ltr'>collari</span> <span class='ocrx_word' id='word_1_99' title='bbox 1105 1993 1216 2049; x_wconf 89' lang='lat' dir='ltr'>ornata</span> <span class='ocrx_word' id='word_1_100' title='bbox 1240 1994 1308 2050; x_wconf 53' lang='lat' dir='ltr'>est,</span> 
     </span>
    </p>

    <p class='ocr_par' dir='ltr' id='par_1_10' title="bbox 190 2089 1364 2487">
     <span class='ocr_line' id='line_1_17' title="bbox 277 2089 1362 2169; baseline 0.005 -18"><span class='ocrx_word' id='word_1_101' title='bbox 277 2092 411 2152; x_wconf 89' lang='lat' dir='ltr'>Londin.</span> <span class='ocrx_word' id='word_1_102' title='bbox 437 2093 462 2151; x_wconf 93' lang='lat' dir='ltr'>B</span> <span class='ocrx_word' id='word_1_103' title='bbox 487 2089 564 2152; x_wconf 70' lang='lat'><strong>477:</strong></span> <span class='ocrx_word' id='word_1_104' title='bbox 591 2094 732 2154; x_wconf 88' lang='lat' dir='ltr'>Amazon</span> <span class='ocrx_word' id='word_1_105' title='bbox 749 2093 858 2154; x_wconf 87' lang='lat' dir='ltr'>tunica</span> <span class='ocrx_word' id='word_1_106' title='bbox 881 2093 977 2167; x_wconf 85' lang='lat' dir='ltr'>brevi,</span> <span class='ocrx_word' id='word_1_107' title='bbox 1002 2094 1106 2166; x_wconf 90' lang='lat' dir='ltr'>mitra,</span> <span class='ocrx_word' id='word_1_108' title='bbox 1138 2095 1249 2167; x_wconf 88' lang='lat' dir='ltr'>securi,</span> <span class='ocrx_word' id='word_1_109' title='bbox 1278 2114 1362 2169; x_wconf 88' lang='lat' dir='ltr'>arcu,</span> 
     </span>
     <span class='ocr_line' id='line_1_18' title="bbox 190 2198 1361 2278; baseline 0.003 -20"><span class='ocrx_word' id='word_1_110' title='bbox 190 2199 291 2271; x_wconf 88' lang='lat' dir='ltr'>hasta,</span> <span class='ocrx_word' id='word_1_111' title='bbox 308 2199 457 2277; x_wconf 88' lang='lat' dir='ltr'>pharetra</span> <span class='ocrx_word' id='word_1_112' title='bbox 472 2200 626 2259; x_wconf 91' lang='lat' dir='ltr'>instructa</span> <span class='ocrx_word' id='word_1_113' title='bbox 642 2198 683 2259; x_wconf 92' lang='lat' dir='ltr'>ad</span> <span class='ocrx_word' id='word_1_114' title='bbox 706 2199 851 2259; x_wconf 86' lang='lat' dir='ltr'>dextram</span> <span class='ocrx_word' id='word_1_115' title='bbox 868 2199 987 2260; x_wconf 86' lang='lat' dir='ltr'>vadens</span> <span class='ocrx_word' id='word_1_116' title='bbox 1011 2198 1052 2258; x_wconf 90' lang='lat' dir='ltr'>ad</span> <span class='ocrx_word' id='word_1_117' title='bbox 1075 2200 1208 2260; x_wconf 87' lang='lat' dir='ltr'>alteram</span> <span class='ocrx_word' id='word_1_118' title='bbox 1225 2200 1361 2278; x_wconf 83' lang='lat' dir='ltr'>respicit,</span> 
     </span>
     <span class='ocr_line' id='line_1_19' title="bbox 191 2303 1364 2383; baseline 0.002 -18"><span class='ocrx_word' id='word_1_119' title='bbox 191 2323 271 2382; x_wconf 88' lang='lat' dir='ltr'>quae</span> <span class='ocrx_word' id='word_1_120' title='bbox 292 2304 389 2365; x_wconf 89' lang='lat' dir='ltr'>simili</span> <span class='ocrx_word' id='word_1_121' title='bbox 413 2308 582 2378; x_wconf 89' lang='lat' dir='ltr'>armatura,</span> <span class='ocrx_word' id='word_1_122' title='bbox 608 2305 670 2366; x_wconf 90' lang='lat' dir='ltr'>nisi</span> <span class='ocrx_word' id='word_1_123' title='bbox 685 2303 771 2383; x_wconf 92' lang='lat' dir='ltr'>quod</span> <span class='ocrx_word' id='word_1_124' title='bbox 794 2305 920 2364; x_wconf 87' lang='lat' dir='ltr'>hastam</span> <span class='ocrx_word' id='word_1_125' title='bbox 944 2304 1139 2378; x_wconf 89' lang='lat' dir='ltr'>nonhabet,</span> <span class='ocrx_word' id='word_1_126' title='bbox 1170 2306 1298 2366; x_wconf 87' lang='lat' dir='ltr'>munita</span> <span class='ocrx_word' id='word_1_127' title='bbox 1314 2326 1364 2367; x_wconf 89' lang='lat' dir='ltr'>se·</span> 
     </span>
     <span class='ocr_line' id='line_1_20' title="bbox 191 2410 309 2487; baseline 0 -17"><span class='ocrx_word' id='word_1_128' title='bbox 191 2410 309 2487; x_wconf 84' lang='lat' dir='ltr'>quitur.</span> 
     </span>
    </p>

    <p class='ocr_par' dir='ltr' id='par_1_11' title="bbox 190 2513 1366 2807">
     <span class='ocr_line' id='line_1_21' title="bbox 279 2513 1365 2595; baseline 0.001 -19"><span class='ocrx_word' id='word_1_129' title='bbox 279 2516 401 2576; x_wconf 88' lang='lat' dir='ltr'>Monac.</span> <span class='ocrx_word' id='word_1_130' title='bbox 431 2513 528 2576; x_wconf 78' lang='lat'><strong>1361:</strong></span> <span class='ocrx_word' id='word_1_131' title='bbox 553 2517 696 2576; x_wconf 88' lang='lat' dir='ltr'>Amazon</span> <span class='ocrx_word' id='word_1_132' title='bbox 724 2514 764 2575; x_wconf 89' lang='lat' dir='ltr'>ad</span> <span class='ocrx_word' id='word_1_133' title='bbox 792 2514 924 2576; x_wconf 86' lang='lat' dir='ltr'>alteram</span> <span class='ocrx_word' id='word_1_134' title='bbox 949 2516 1092 2595; x_wconf 81' lang='lat' dir='ltr'>respicit3</span> <span class='ocrx_word' id='word_1_135' title='bbox 1123 2517 1206 2578; x_wconf 89' lang='lat' dir='ltr'>inter</span> <span class='ocrx_word' id='word_1_136' title='bbox 1236 2537 1289 2579; x_wconf 89' lang='lat' dir='ltr'>eas</span> <span class='ocrx_word' id='word_1_137' title='bbox 1318 2522 1365 2578; x_wconf 93' lang='lat' dir='ltr'>est</span> 
     </span>
     <span class='ocr_line' id='line_1_22' title="bbox 193 2621 1366 2701; baseline 0.003 -19"><span class='ocrx_word' id='word_1_138' title='bbox 193 2621 290 2694; x_wconf 89' lang='lat' dir='ltr'>canis,</span> <span class='ocrx_word' id='word_1_139' title='bbox 326 2640 421 2700; x_wconf 91' lang='lat' dir='ltr'>super</span> <span class='ocrx_word' id='word_1_140' title='bbox 450 2639 545 2698; x_wconf 90' lang='lat' dir='ltr'>quem</span> <span class='ocrx_word' id='word_1_141' title='bbox 575 2621 674 2682; x_wconf 81' lang='lat' dir='ltr'>fascia</span> <span class='ocrx_word' id='word_1_142' title='bbox 700 2621 751 2682; x_wconf 92' lang='lat' dir='ltr'>vel</span> <span class='ocrx_word' id='word_1_143' title='bbox 779 2640 905 2701; x_wconf 89' lang='lat' dir='ltr'>pannus</span> <span class='ocrx_word' id='word_1_144' title='bbox 933 2621 1067 2696; x_wconf 81' lang='lat' dir='ltr'>videtur,</span> <span class='ocrx_word' id='word_1_145' title='bbox 1097 2642 1160 2700; x_wconf 93' lang='lat' dir='ltr'>quo</span> <span class='ocrx_word' id='word_1_146' title='bbox 1189 2625 1366 2685; x_wconf 88' lang='lat' dir='ltr'>Amazones</span> 
     </span>
     <span class='ocr_line' id='line_1_23' title="bbox 190 2726 955 2807; baseline 0.001 -20"><span class='ocrx_word' id='word_1_147' title='bbox 190 2726 334 2788; x_wconf 91' lang='lat' dir='ltr'>nondum</span> <span class='ocrx_word' id='word_1_148' title='bbox 359 2746 375 2786; x_wconf 94' lang='lat' dir='ltr'>e</span> <span class='ocrx_word' id='word_1_149' title='bbox 399 2727 494 2788; x_wconf 93' lang='lat' dir='ltr'>domo</span> <span class='ocrx_word' id='word_1_150' title='bbox 517 2728 674 2807; x_wconf 84' lang='lat' dir='ltr'>proiectas</span> <span class='ocrx_word' id='word_1_151' title='bbox 698 2746 764 2788; x_wconf 89' lang='lat' dir='ltr'>esse</span> <span class='ocrx_word' id='word_1_152' title='bbox 787 2727 955 2788; x_wconf 87' lang='lat' dir='ltr'>indicatur.</span> 
     </span>
    </p>

    <p class='ocr_par' dir='ltr' id='par_1_12' title="bbox 191 2832 1365 3018">
     <span class='ocr_line' id='line_1_24' title="bbox 279 2832 1365 2913; baseline 0.005 -22"><span class='ocrx_word' id='word_1_153' title='bbox 279 2832 430 2907; x_wconf 88' lang='lat' dir='ltr'>Parisina,</span> <span class='ocrx_word' id='word_1_154' title='bbox 453 2833 488 2893; x_wconf 93' lang='lat' dir='ltr'>in</span> <span class='ocrx_word' id='word_1_155' title='bbox 511 2854 621 2895; x_wconf 92' lang='lat' dir='ltr'>museo</span> <span class='ocrx_word' id='word_1_156' title='bbox 644 2832 773 2913; x_wconf 87' lang='lat' dir='ltr'>publico</span> <span class='ocrx_word' id='word_1_157' title='bbox 796 2837 932 2893; x_wconf 89' lang='lat' dir='ltr'>servata:</span> <span class='ocrx_word' id='word_1_158' title='bbox 958 2834 1101 2894; x_wconf 92' lang='lat' dir='ltr'>Amazon</span> <span class='ocrx_word' id='word_1_159' title='bbox 1124 2834 1254 2895; x_wconf 89' lang='lat' dir='ltr'>mitrata</span> <span class='ocrx_word' id='word_1_160' title='bbox 1274 2841 1306 2896; x_wconf 89' lang='lat' dir='ltr'>et</span> <span class='ocrx_word' id='word_1_161' title='bbox 1321 2836 1365 2896; x_wconf 90' lang='lat' dir='ltr'>in-</span> 
     </span>
     <span class='ocr_line' id='line_1_25' title="bbox 191 2937 781 3018; baseline -0.002 -20"><span class='ocrx_word' id='word_1_162' title='bbox 191 2942 321 3010; x_wconf 83' lang='lat' dir='ltr'>curvata</span> <span class='ocrx_word' id='word_1_163' title='bbox 342 2938 383 2999; x_wconf 88' lang='lat' dir='ltr'>ad</span> <span class='ocrx_word' id='word_1_164' title='bbox 407 2938 552 3008; x_wconf 83' lang='lat' dir='ltr'>dextram</span> <span class='ocrx_word' id='word_1_165' title='bbox 575 2937 781 3018; x_wconf 86' lang='lat' dir='ltr'>progreditur.</span> 
     </span>
    </p>

    <p class='ocr_par' dir='ltr' id='par_1_13' title="bbox 192 3043 1377 3542">
     <span class='ocr_line' id='line_1_26' title="bbox 227 3043 1366 3123; baseline 0.004 -20"><span class='ocrx_word' id='word_1_166' title='bbox 227 3079 231 3086; x_wconf 87' lang='lat'>·</span> <span class='ocrx_word' id='word_1_167' title='bbox 280 3043 362 3122; x_wconf 89' lang='lat' dir='ltr'>Olpa</span> <span class='ocrx_word' id='word_1_168' title='bbox 395 3044 577 3123; x_wconf 85' lang='lat' dir='ltr'>Campanae</span> <span class='ocrx_word' id='word_1_169' title='bbox 604 3043 678 3117; x_wconf 89' lang='lat'>360,</span> <span class='ocrx_word' id='word_1_170' title='bbox 707 3063 793 3104; x_wconf 91' lang='lat' dir='ltr'>nunc</span> <span class='ocrx_word' id='word_1_171' title='bbox 827 3044 862 3104; x_wconf 91' lang='lat' dir='ltr'>in</span> <span class='ocrx_word' id='word_1_172' title='bbox 889 3064 1000 3106; x_wconf 91' lang='lat' dir='ltr'>museo</span> <span class='ocrx_word' id='word_1_173' title='bbox 1030 3044 1185 3106; x_wconf 86' lang='lat' dir='ltr'>Parisino:</span> <span class='ocrx_word' id='word_1_174' title='bbox 1223 3049 1366 3107; x_wconf 89' lang='lat' dir='ltr'>Amazon</span> 
     </span>
     <span class='ocr_line' id='line_1_27' title="bbox 192 3149 1377 3233; baseline 0.002 -24"><span class='ocrx_word' id='word_1_175' title='bbox 192 3149 377 3227; x_wconf 84' lang='lat' dir='ltr'>Scythicum</span> <span class='ocrx_word' id='word_1_176' title='bbox 411 3150 446 3209; x_wconf 90' lang='lat' dir='ltr'>in</span> <span class='ocrx_word' id='word_1_177' title='bbox 480 3149 614 3211; x_wconf 93' lang='lat' dir='ltr'>modum</span> <span class='ocrx_word' id='word_1_178' title='bbox 647 3152 770 3210; x_wconf 89' lang='lat' dir='ltr'>armata</span> <span class='ocrx_word' id='word_1_179' title='bbox 805 3154 836 3210; x_wconf 91' lang='lat' dir='ltr'>et</span> <span class='ocrx_word' id='word_1_180' title='bbox 863 3149 976 3211; x_wconf 87' lang='lat' dir='ltr'>dextra</span> <span class='ocrx_word' id='word_1_181' title='bbox 998 3151 1080 3233; x_wconf 87' lang='lat' dir='ltr'>duas</span> <span class='ocrx_word' id='word_1_182' title='bbox 1101 3151 1218 3226; x_wconf 88' lang='lat' dir='ltr'>hastas,</span> <span class='ocrx_word' id='word_1_183' title='bbox 1256 3172 1377 3214; x_wconf 81' lang='lat' dir='ltr'>arcum.</span> 
     </span>
     <span class='ocr_line' id='line_1_28' title="bbox 195 3255 1254 3341; baseline 0.004 -27"><span class='ocrx_word' id='word_1_184' title='bbox 195 3255 324 3316; x_wconf 90' lang='lat' dir='ltr'>sinistra</span> <span class='ocrx_word' id='word_1_185' title='bbox 346 3260 457 3317; x_wconf 84' lang='lat' dir='ltr'>tenens</span> <span class='ocrx_word' id='word_1_186' title='bbox 480 3255 521 3315; x_wconf 90' lang='lat' dir='ltr'>ad</span> <span class='ocrx_word' id='word_1_187' title='bbox 545 3255 690 3315; x_wconf 88' lang='lat' dir='ltr'>dextram</span> <span class='ocrx_word' id='word_1_188' title='bbox 714 3255 846 3327; x_wconf 87' lang='lat' dir='ltr'>incedit;</span> <span class='ocrx_word' id='word_1_189' title='bbox 871 3277 968 3335; x_wconf 88' lang='lat' dir='ltr'>prope</span> <span class='ocrx_word' id='word_1_190' title='bbox 993 3277 1063 3317; x_wconf 88' lang='lat' dir='ltr'>eam</span> <span class='ocrx_word' id='word_1_191' title='bbox 1087 3261 1135 3319; x_wconf 87' lang='lat' dir='ltr'>est</span> <span class='ocrx_word' id='word_1_192' title='bbox 1158 3258 1254 3341; x_wconf 86' lang='lat' dir='ltr'>canis.</span> 
     </span>
     <span class='ocr_line' id='line_1_29' title="bbox 279 3357 1367 3441; baseline 0.004 -20"><span class='ocrx_word' id='word_1_193' title='bbox 279 3361 424 3440; x_wconf 89' lang='lat' dir='ltr'>Lecythi:</span> <span class='ocrx_word' id='word_1_194' title='bbox 455 3361 570 3422; x_wconf 91' lang='lat' dir='ltr'>Athen.</span> <span class='ocrx_word' id='word_1_195' title='bbox 601 3357 679 3421; x_wconf 78' lang='lat'><strong>265:</strong></span> <span class='ocrx_word' id='word_1_196' title='bbox 704 3365 767 3422; x_wconf 88' lang='lat' dir='ltr'>tres</span> <span class='ocrx_word' id='word_1_197' title='bbox 796 3363 971 3423; x_wconf 89' lang='lat' dir='ltr'>Amazones</span> <span class='ocrx_word' id='word_1_198' title='bbox 999 3364 1040 3425; x_wconf 92' lang='lat' dir='ltr'>ad</span> <span class='ocrx_word' id='word_1_199' title='bbox 1068 3362 1215 3424; x_wconf 87' lang='lat' dir='ltr'>dextram</span> <span class='ocrx_word' id='word_1_200' title='bbox 1243 3383 1367 3441; x_wconf 87' lang='lat' dir='ltr'>progre-</span> 
     </span>
     <span class='ocr_line' id='line_1_30' title="bbox 192 3456 1349 3542; baseline 0.001 -15"><span class='ocrx_word' id='word_1_201' title='bbox 192 3466 332 3528; x_wconf 90' lang='lat' dir='ltr'>diuntur.</span> <span class='ocrx_word' id='word_1_202' title='bbox 380 3456 381 3461; x_wconf 31' lang='lat'>¹</span> <span class='ocrx_word' id='word_1_203' title='bbox 421 3536 425 3542; x_wconf 26' lang='lat'><strong>¹</strong></span> <span class='ocrx_word' id='word_1_204' title='bbox 713 3465 715 3469; x_wconf 70' lang='grc'>’</span> <span class='ocrx_word' id='word_1_205' title='bbox 1344 3504 1349 3537; x_wconf 78' lang='grc'>;</span> 
     </span>
    </p>

    <p class='ocr_par' dir='ltr' id='par_1_14' title="bbox 193 3571 1366 3741">
     <span class='ocr_line' id='line_1_31' title="bbox 281 3571 1366 3653; baseline 0.003 -21"><span class='ocrx_word' id='word_1_206' title='bbox 281 3573 425 3634; x_wconf 88' lang='lat' dir='ltr'>Durandi</span> <span class='ocrx_word' id='word_1_207' title='bbox 449 3571 526 3635; x_wconf 78' lang='lat'>355:</span> <span class='ocrx_word' id='word_1_208' title='bbox 545 3579 607 3636; x_wconf 89' lang='lat' dir='ltr'>tres</span> <span class='ocrx_word' id='word_1_209' title='bbox 630 3576 806 3635; x_wconf 91' lang='lat' dir='ltr'>Amazones</span> <span class='ocrx_word' id='word_1_210' title='bbox 830 3573 871 3634; x_wconf 91' lang='lat' dir='ltr'>ad</span> <span class='ocrx_word' id='word_1_211' title='bbox 895 3579 1052 3652; x_wconf 88' lang='lat' dir='ltr'>quartam,</span> <span class='ocrx_word' id='word_1_212' title='bbox 1069 3595 1150 3653; x_wconf 90' lang='lat' dir='ltr'>quae</span> <span class='ocrx_word' id='word_1_213' title='bbox 1167 3574 1246 3636; x_wconf 92' lang='lat' dir='ltr'>tuba</span> <span class='ocrx_word' id='word_1_214' title='bbox 1268 3575 1366 3649; x_wconf 88' lang='lat' dir='ltr'>canit,</span> 
     </span>
     <span class='ocr_line' id='line_1_32' title="bbox 193 3679 448 3741; baseline 0.004 -2"><span class='ocrx_word' id='word_1_215' title='bbox 193 3679 361 3741; x_wconf 87' lang='lat' dir='ltr'>adcedunt.</span> <span class='ocrx_word' id='word_1_216' title='bbox 440 3705 448 3722; x_wconf 52' lang='grc' dir='ltr'><em>τ</em></span> 
     </span>
    </p>

    <p class='ocr_par' dir='ltr' id='par_1_15' title="bbox 281 3783 1366 3866">
     <span class='ocr_line' id='line_1_33' title="bbox 281 3783 1366 3866; baseline 0.003 -20"><span class='ocrx_word' id='word_1_217' title='bbox 281 3784 433 3860; x_wconf 87' lang='lat' dir='ltr'>Parisina,</span> <span class='ocrx_word' id='word_1_218' title='bbox 445 3785 480 3846; x_wconf 89' lang='lat' dir='ltr'>in</span> <span class='ocrx_word' id='word_1_219' title='bbox 491 3787 719 3848; x_wconf 88' lang='lat' dir='ltr'>nummotheca</span> <span class='ocrx_word' id='word_1_220' title='bbox 730 3783 842 3866; x_wconf 80' lang='lat'>(4885)</span> <span class='ocrx_word' id='word_1_221' title='bbox 857 3790 992 3848; x_wconf 90' lang='lat' dir='ltr'>servata:</span> <span class='ocrx_word' id='word_1_222' title='bbox 1008 3788 1150 3848; x_wconf 85' lang='lat' dir='ltr'>Amazon</span> <span class='ocrx_word' id='word_1_223' title='bbox 1166 3786 1207 3848; x_wconf 92' lang='lat' dir='ltr'>ad</span> <span class='ocrx_word' id='word_1_224' title='bbox 1219 3787 1366 3849; x_wconf 88' lang='lat' dir='ltr'>dextram</span> 
     </span>
    </p>
   </div>
   <div class='ocr_carea' id='block_1_3' title="bbox 193 3902 1367 4188">
    <p class='ocr_par' dir='ltr' id='par_1_16' title="bbox 193 3902 1367 4188">
     <span class='ocr_line' id='line_1_34' title="bbox 202 3902 1251 4010; baseline 0.001 -16"><span class='ocrx_word' id='word_1_225' title='bbox 202 3975 205 3981; x_wconf 87' lang='lat'><em>·</em></span> <span class='ocrx_word' id='word_1_226' title='bbox 266 3942 284 4007; x_wconf 87' lang='lat'>¹)</span> <span class='ocrx_word' id='word_1_227' title='bbox 303 3902 481 4008; x_wconf 63' lang='lat' dir='ltr'>Broemisted,</span> <span class='ocrx_word' id='word_1_228' title='bbox 501 3941 524 3994; x_wconf 90' lang='lat' dir='ltr'>A</span> <span class='ocrx_word' id='word_1_229' title='bbox 543 3939 615 3995; x_wconf 81' lang='lat' dir='ltr'>brief</span> <span class='ocrx_word' id='word_1_230' title='bbox 630 3940 793 4010; x_wconf 86' lang='lat' dir='ltr'>description</span> <span class='ocrx_word' id='word_1_231' title='bbox 813 3940 844 3995; x_wconf 84' lang='lat' dir='ltr'>of</span> <span class='ocrx_word' id='word_1_232' title='bbox 859 3942 895 3996; x_wconf 81' lang='lat'>39</span> <span class='ocrx_word' id='word_1_233' title='bbox 914 3939 1021 3994; x_wconf 87' lang='lat' dir='ltr'>ancient</span> <span class='ocrx_word' id='word_1_234' title='bbox 1040 3957 1126 4006; x_wconf 81' lang='lat' dir='ltr'>rasos,</span> <span class='ocrx_word' id='word_1_235' title='bbox 1144 3956 1188 3995; x_wconf 92' lang='lat' dir='ltr'>no.</span> <span class='ocrx_word' id='word_1_236' title='bbox 1208 3940 1251 3995; x_wconf 80' lang='lat'>28.</span> 
     </span>
     <span class='ocr_line' id='line_1_35' title="bbox 264 4027 1367 4098; baseline 0.002 -17"><span class='ocrx_word' id='word_1_237' title='bbox 264 4033 284 4094; x_wconf 79' lang='lat'>²)</span> <span class='ocrx_word' id='word_1_238' title='bbox 304 4028 423 4082; x_wconf 84' lang='lat' dir='ltr'>Durandi</span> <span class='ocrx_word' id='word_1_239' title='bbox 445 4030 511 4095; x_wconf 80' lang='lat'>3533</span> <span class='ocrx_word' id='word_1_240' title='bbox 537 4027 652 4097; x_wconf 85' lang='lat' dir='ltr'>catalogi</span> <span class='ocrx_word' id='word_1_241' title='bbox 671 4031 765 4084; x_wconf 86' lang='lat' dir='ltr'>auctor</span> <span class='ocrx_word' id='word_1_242' title='bbox 784 4029 883 4084; x_wconf 86' lang='lat' dir='ltr'>animal</span> <span class='ocrx_word' id='word_1_243' title='bbox 902 4045 952 4098; x_wconf 89' lang='lat' dir='ltr'>pro</span> <span class='ocrx_word' id='word_1_244' title='bbox 972 4028 1050 4083; x_wconf 90' lang='lat' dir='ltr'>leone</span> <span class='ocrx_word' id='word_1_245' title='bbox 1068 4028 1172 4096; x_wconf 87' lang='lat' dir='ltr'>habuit,</span> <span class='ocrx_word' id='word_1_246' title='bbox 1191 4027 1239 4082; x_wconf 86' lang='lat' dir='ltr'>sed</span> <span class='ocrx_word' id='word_1_247' title='bbox 1257 4028 1300 4083; x_wconf 88' lang='lat' dir='ltr'>leo</span> <span class='ocrx_word' id='word_1_248' title='bbox 1313 4028 1367 4083; x_wconf 83' lang='lat' dir='ltr'>hoo</span> 
     </span>
     <span class='ocr_line' id='line_1_36' title="bbox 193 4116 576 4188; baseline -0.008 -15"><span class='ocrx_word' id='word_1_249' title='bbox 193 4118 252 4173; x_wconf 89' lang='lat' dir='ltr'>loco</span> <span class='ocrx_word' id='word_1_250' title='bbox 271 4133 351 4172; x_wconf 82' lang='lat' dir='ltr'>sensu</span> <span class='ocrx_word' id='word_1_251' title='bbox 370 4116 451 4188; x_wconf 88' lang='lat' dir='ltr'>plane</span> <span class='ocrx_word' id='word_1_252' title='bbox 471 4119 553 4171; x_wconf 82' lang='lat' dir='ltr'>caret.</span> <span class='ocrx_word' id='word_1_253' title='bbox 574 4133 576 4136; x_wconf 66' lang='grc'>’</span> 
     </span>
    </p>
   </div>
   <div class='ocr_carea' id='block_1_4' title="bbox 0 0 1469 4650">
    <p class='ocr_par' dir='ltr' id='par_1_17' title="bbox 0 0 1469 4650">
     <span class='ocr_line' id='line_1_37' title="bbox 0 0 1469 4650; baseline 0 0"><span class='ocrx_word' id='word_1_254' title='bbox 0 0 1469 4650; x_wconf 95' lang='lat' dir='ltr'> </span> 
     </span>
    </p>
   </div>
  </div>
 </body>
</html>
