2948 4650
620 287 934 374 -100-·

128 502 388 589 ,Λαομεδοντειάν
411 505 486 590 ὑπὲρ
510 506 673 589 ἀμπλακιιῖν
697 505 730 568 ἐν
754 505 855 568 ναυσίν
879 504 1040 591 Ἀλκμήνας
1061 504 1148 576 τέκος.

149 611 209 674 εἷλε
234 610 269 674 δὲ
294 609 477 696 Περγαμίαν,
502 611 613 697 πέφνεν
636 611 671 674 δὲ
694 610 748 674 σὺν
770 611 858 695 κείνῳ
881 609 1029 696 λΙερόπων

152 715 252 792 ἔθνεα,
277 719 324 781 καῖ
347 717 397 781 τὸν
417 718 573 801 βουβόταν
596 715 684 803 ούρεϊ
703 715 766 781 ἴσον

157 823 331 908 Φλέγραισιν
354 825 453 911 εύρδον
478 823 610 912 ’Λλκυονή
633 824 784 910 σφετέρας
805 825 850 888 ού
865 824 991 911 φείσατο

145 931 252 1018 χερσῖν
272 931 499 1017 βαρυφθόγγοιο
524 935 633 1016 νευριῖς

149 1034 313 1124 Ἡρακλέης.

242 1145 431 1224 Pherecydis
460 1145 537 1223 frag.
564 1145 620 1207 35:
657 1141 800 1231 Ἡρακλής
825 1142 1072 1228 ἀνακομιζόμενος
1093 1143 1170 1227 μετὰ
1195 1143 1226 1205 τό
1252 1165 1320 1226 πορ-

151 1250 240 1336 θήσαι
276 1249 392 1335 Τροίαν,
423 1249 580 1333 γενόμενος
606 1250 679 1312 κατὰ
709 1250 743 1312 τό
766 1251 891 1332 Λίγαῖον
921 1249 1047 1331 πέλαγος
1065 1249 1207 1336 βουλήσει
1226 1245 1325 1332 Ἥρας

89 1356 91 1359 ’
150 1355 283 1440 σφοδρῷ
310 1353 476 1443 συνεσχέθη
500 1360 637 1444 χειμῶνι·
664 1357 841 1442 κατασυρεῖς
867 1356 902 1420 δὲ
930 1359 973 1430 εἷς
995 1355 1049 1417 Κῶ
1078 1357 1129 1442 τήν
1156 1354 1321 1439 όΙεροπίδα,

150 1460 285 1546 ἐκωλύθη
308 1461 444 1549 ἐπιβήναι
467 1467 519 1550 τής
540 1463 631 1550 νήσου
656 1463 712 1525 ύπδ
739 1462 916 1548 Εόρυπόλου
940 1467 991 1526 τοῦ
1018 1461 1216 1534 Ποσειδῶνος,
1244 1462 1321 1524 βασι-

151 1567 289 1642 λεύοντος
315 1569 417 1656 αύτής.
461 1568 645 1654 βιασόμενος
672 1569 716 1645 δὲ,
745 1571 793 1632 καί
821 1571 865 1650 ὡς
885 1570 994 1656 ληστής
1014 1569 1126 1650 ἐπιβιίς,
1151 1569 1249 1631 ἀνεῖλε
1273 1569 1323 1631 τόν

156 1675 329 1760 Εὐρύπυλον
363 1677 411 1738 καῖ
446 1675 515 1743 τούς
547 1676 657 1749 παῖδας
686 1677 789 1745 αὐτοῦ.
831 1677 927 1761 μιγεὶς
952 1676 987 1739 δέ
1015 1677 1050 1762 ιη
1081 1676 1202 1759 θυγατρί
1231 1675 1323 1738 αὐτοῦ

153 1782 315 1869 Χαλκιόπῃ,
346 1781 497 1846 θέσσαλον
520 1782 668 1870 ἐγέννησε.
804 1787 805 1791 ’
837 1865 838 1868 ¹

240 1891 387 1970 Apollod.
418 1892 460 1965 ΙΙ,
491 1888 521 1965 5,
552 1888 581 1964 9,
612 1889 720 1952 7--12
749 1891 800 1966 (ef.
826 1893 926 1952 Tzetz.
956 1891 997 1951 ad
1025 1890 1177 1968 Lycoph„
1210 1888 1320 1968 1327)÷

151 1995 410 2068 καταπλεύσαντος
436 1994 471 2057 δὲ
495 1996 538 2067 ελς
559 1995 609 2057 τόν
632 1992 664 2056 ἐν
694 1994 860 2080 θεμισκόρηι
885 1995 995 2079 λιμένα,
1019 1994 1262 2080 παραγενομένης
1283 1996 1326 2068 ιὐς

152 2100 241 2164 αὐτόν
269 2097 444 2189 Ἱππολύτης
468 2101 517 2163 καί
547 2099 622 2174 τίνος
648 2101 713 2187 ήκοι
736 2103 828 2186 χάοιν
857 2101 1029 2187 πυθομένης,
1059 2102 1108 2163 καί
1137 2100 1245 2163 δώσειν
1274 2101 1324 2163 τόν

153 2208 295 2293 ζωστῆρα
330 2207 569 2295 ύπισχνουμένης,
604 2204 676 2293 Ἡρα
706 2210 761 2293 μιᾷ
796 2213 854 2271 τῶν
889 2208 1053 2294 ’Λμαζόνων
1088 2209 1255 2270 εἰκασθεῖσα
1291 2207 1323 2269 τό

156 2315 266 2401 πλῆθος
287 2314 441 2399 ἐπεφοίτα,
465 2315 595 2394 λεγούσα
620 2314 695 2400 ,τήν
715 2314 856 2396 βασιλίδα
873 2315 1055 2400 ἁρπάζουσιν
1071 2315 1098 2375 οί
1114 2313 1326 2399 προσελθόντες
1368 2323 1370 2326 ‘

155 2418 262 2488 ξένοι“·
308 2423 339 2483 αί
367 2421 401 2484 δὲ
425 2418 495 2506 μεθ’
523 2422 622 2484 όπλων
651 2421 698 2484 ἐπί
726 2421 777 2507 τήν
806 2425 879 2486 ναύν
907 2419 1046 2484 κατέθεον
1073 2420 1137 2499 (σύν
1161 2420 1262 2494 ἵπποις,
1286 2427 1322 2482 ut

153 2530 294 2608 picturae
319 2531 445 2604 docent,
476 2551 516 2591 ex
539 2531 762 2609 antiquissimo
787 2533 874 2592 fonte
901 2532 1053 2592 haustum
1083 2549 1147 2591 non
1175 2529 1320 2607 videtur).

155 2634 199 2705 ιὀς
226 2633 261 2696 δὲ
285 2632 364 2697 εἶδεν
389 2635 482 2708 αύτάς
502 2634 734 2718 καθοπλισμένας
754 2631 903 2722 Ἡρακλῆς,
928 2634 1049 2719 νομίσας
1069 2635 1102 2697 ἐκ
1124 2633 1214 2696 δόλου
1238 2637 1323 2696 τούτο

154 2739 299 2820 γενέσθαι,
323 2741 375 2828 τήν
394 2741 451 2826 μὲν
474 2738 649 2828 Ἱππολύτην
672 2740 786 2816 κτείνας
806 2741 856 2804 τόν
880 2743 1020 2829 ζωστήρα
1044 2742 1225 2827 ἀφαιρεῖται,
1251 2740 1327 2825 πρὸς

86 2871 90 2878 ·
153 2845 188 2908 δὲ
211 2844 263 2919 τὰς
284 2847 387 2921 λοιπὰς
408 2849 629 2933 όγωνισάαενος
649 2848 784 2922 ἀποπλεῖ,
808 2849 855 2910 καί
880 2848 1034 2936 προσίσχει
1064 2847 1163 2933 Τροίᾳ.

242 2952 435 3040 συνεβεβήκει
469 2953 505 3017 δέ
538 2977 603 3017 τοτε
632 2955 706 3017 κατὰ
730 2959 817 3042 μῆνιν
847 2955 1034 3027 ’Λπόλλωνος
1059 2955 1107 3016 καί
1136 2953 1327 3027 Ποσειδῶνος

153 3058 272 3144 ἀτυχεῖν
300 3058 352 3144 τήν
380 3060 470 3123 πόλιν.
518 3060 674 3123 Ἀπόλλων
704 3060 762 3144 γὰρ
791 3062 839 3123 καί
863 3059 1018 3122 Ποσειδῶν
1042 3061 1093 3146 τήν
1118 3058 1327 3144 Λαομέδοντος

153 3161 238 3248 ὕβριν
264 3168 402 3250 πειρᾶσαι
423 3165 564 3242 θέλοντες,
589 3166 772 3240 εἰκασθέντες
792 3167 961 3252 ἀνθρώποις
982 3166 1144 3254 ὑπέσχοντο
1166 3167 1212 3228 ἐπὶ
1224 3168 1324 3249 μισθῷ

152 3275 266 3356 τειχιεῖν
296 3271 329 3334 τδ
354 3270 523 3358 Πέργαμον.
568 3277 627 3346 τοῖς
653 3273 688 3337 δὲ
716 3271 856 3361 τειχίσασι
884 3273 933 3335 τόν
960 3272 1066 3356 μισθόν
1094 3272 1149 3335 οόκ
1170 3272 1324 3336 ἀπεδίδου.

154 3376 203 3439 διὰ
233 3380 318 3440 τοῦτο
349 3379 500 3441 Ἀπόλλων
524 3380 581 3464 μὲν
610 3380 709 3466 λοιμὸν
737 3378 861 3465 ἐπεμφε.
909 3377 1064 3442 Ποσειδῶν
1088 3379 1122 3442 δὲ
1145 3384 1232 3466 κήτος
1253 3381 1323 3443 ἀνα·

152 3483 320 3567 φερόμενον
355 3483 412 3546 ὑπὸ
441 3465 629 3572 πλημυρίδος,
658 3487 675 3547 δ
705 3485 773 3559 τοὺς
799 3486 831 3549 ἐν
860 3487 904 3570 τφῖ
934 3485 1029 3570 πεδίῳ
1058 3487 1246 3573 συνήρπαζεν
1275 3488 1323 3550 ἀν-

157 3588 306 3670 θρώπους.
347 3594 496 3677 χρησμῶν
519 3592 554 3654 δὲ
577 3593 722 3674 λεγόντων
745 3593 916 3679 ἀπαλλαγήν
940 3590 1060 3656 ἔσεσθαι
1075 3597 1133 3657 τῶν
1149 3596 1324 3680 συμφορῶν,

154 3695 209 3758 ἐὰν
232 3697 334 3783 προθῇ
355 3695 525 3781 Λαομέδων
540 3696 670 3787 Ἡσιόνην
693 3700 746 3786 τήν
769 3699 918 3784 θυγατέρα
942 3701 1033 3762 αὐτοῦ
1053 3700 1154 3786 βοράν
1177 3703 1219 3784 τιρ
1235 3702 1323 3787 κήτει,

151 3801 168 3861 δ
203 3801 238 3865 δὲ
273 3802 422 3890 προύθηκε
458 3808 521 3878 ταῖς
548 3805 667 3892 πλησίον
701 3810 753 3892 τής
778 3807 929 3894 θαλάσσης
956 3806 1078 3892 πέτραις
1103 3807 1321 3895 πριισιηοτήσιις.

151 3908 260 3995 ταύτην
289 3908 361 3972 ἰδὼν
395 3909 562 3999 ἐκκειμένην
586 3910 728 4000 Ἡρακλής
761 3913 905 4000 ὑπέσχετο
940 3914 1046 3976 σιόσειν
1082 3914 1183 4001 οότήν,
1219 3916 1246 3976 εἶ
1273 3915 1326 3987 τάς

150 4015 255 4088 ἵππους
281 4017 365 4102 παρὰ
394 4013 603 4101 Λαομέδοντος
628 4020 753 4107 λήψεται
776 4019 911 4094 δςΖεδς
932 4020 1042 4107 ποινήν
1057 4025 1110 4107 τής
1132 4018 1326 4108 Γανυμήδους

106 4169 107 4172 ¹
151 4119 414 4232 &puapjctfygffwaea
462 4124 569 4218 διύσειν
593 4125 628 4191 δὲ
652 4125 862 4214 Λαομέδοντος
883 4127 1023 4202 εἰπόντος,
1047 4126 1162 4204 κτείνας
1186 4127 1219 4191 τό
1239 4131 1327 4214 κήτος
