2910 4650
667 273 885 338 ...56-

190 493 288 551 quam
310 472 454 533 tunicam
482 475 513 531 et
536 470 667 531 loricam
689 469 796 544 habet,
825 469 930 544 mitra,
954 488 1038 543 arcu,
1068 470 1168 531 securi
1196 470 1364 545 instructa,

191 578 408 640 sinistrorsum
431 576 551 638 vadens
574 576 615 637 ad
639 577 772 637 alteram
795 574 932 655 respicit,
949 595 1030 653 quae
1053 594 1180 636 currens
1203 576 1364 654 sequitur;

192 705 229 745 ea
251 683 392 762 hoplitae
415 687 576 744 armatura
599 682 756 745 instructa
778 687 839 753 est;
865 700 929 758 qua
952 681 1076 761 decepti
1098 682 1304 760 Millingenus
1333 693 1366 744 et

192 789 374 850 Welckerus
398 807 468 849 eam
492 808 549 867 pro
573 788 693 850 Theseo
716 787 757 848 ab
781 786 921 866 Antiopa
942 787 977 847 in
1001 788 1240 867 Themiscyram
1268 789 1366 849 intro

192 895 287 956 ducto
303 894 473 955 habebant.
521 894 584 956 Sed
607 913 681 955 oum
705 892 830 972 saepius
846 893 880 952 in
903 893 1035 972 picturis
1051 894 1193 955 Amazon
1215 895 1367 973 Scythica

152 1013 154 1016 ’
191 1006 278 1062 veste
300 1000 445 1080 praedita
467 1019 542 1061 cum
565 1001 663 1061 altera
687 1000 843 1097 Graecum
866 998 900 1058 in
924 999 1057 1061 modurn
1081 1006 1203 1061 armata
1226 1001 1366 1062 consoci-

191 1111 244 1167 ata
267 1106 317 1181 sit,
345 1125 410 1167 non
433 1105 568 1166 dubium
598 1110 654 1180 est,
690 1106 768 1185 quin
802 1105 903 1183 figura
929 1105 1073 1166 Amazon
1096 1106 1146 1168 sit.
1197 1107 1237 1166 In
1265 1106 1367 1167 altero

190 1212 274 1274 vasis
289 1212 387 1272 latere
409 1214 553 1274 Amazon
576 1212 759 1290 Scythicam
775 1215 896 1273 vestem
919 1211 1033 1272 induta
1048 1216 1081 1272 et
1095 1212 1187 1274 hasta
1210 1215 1367 1290 scutoque

191 1321 314 1379 armata
336 1317 377 1378 ad
401 1317 567 1379 sinistram
590 1317 695 1379 currit.

280 1423 445 1502 Amphora
472 1423 511 1501 (1³)
533 1424 701 1485 Urbibenti
723 1426 847 1501 reperta
857 1417 877 1500 ¹)
893 1423 990 1483 etiam
1005 1427 1068 1484 tres
1083 1424 1261 1485 Amazones
1279 1423 1365 1484 exhi-

191 1530 254 1604 bet,
279 1530 341 1590 nisi
364 1530 445 1591 forte
468 1549 542 1590 cum
566 1529 689 1608 pictura
711 1529 745 1589 in
769 1529 866 1589 altero
889 1528 986 1588 latere
1001 1527 1106 1608 posita
1126 1529 1366 1607 coniungendae

192 1641 268 1698 sunt
290 1636 421 1714 figuram
447 1636 487 1696 cf.
512 1654 616 1715 supra,
641 1657 672 1714 p.
698 1633 749 1697 28.

279 1742 421 1802 Paterae:
448 1735 624 1818 Clusinah:
662 1741 788 1820 pictura
821 1740 855 1800 in
889 1738 1037 1800 interiore
1065 1744 1154 1820 parte
1188 1745 1249 1802 est:
1283 1740 1364 1801 duae

192 1850 369 1909 Amazones
381 1847 422 1908 ad
435 1848 597 1909 sinistram
603 1852 742 1921 currunt,
757 1866 893 1924 quarum
905 1864 970 1906 una
981 1845 1167 1924 Scythicum
1178 1846 1214 1907 in
1229 1846 1364 1907 modum

100 2013 102 2017 .
191 1954 347 2014 instructa
369 1957 425 2014 est.

282 2058 416 2119 londin.
431 2058 458 2117 E
473 2054 513 2118 15
526 2051 677 2137 (815r)³),
697 2057 940 2137 aCaohrylione
963 2056 1057 2119 iacta:
1082 2057 1208 2137 pictura
1229 2057 1264 2118 in
1287 2057 1362 2119 inte·

193 2165 273 2225 riore
296 2167 386 2244 parte
409 2169 470 2224 est:
510 2166 652 2225 Amazon
669 2164 827 2225 Graecum
842 2163 877 2224 in
892 2163 1026 2224 modum
1042 2167 1173 2236 armata,
1191 2163 1254 2224 nisi
1279 2164 1364 2241 quod

192 2270 313 2349 peltam
347 2290 404 2349 pro
439 2274 528 2332 scuto
562 2270 668 2345 habet,
704 2270 745 2331 ad
768 2269 929 2331 sinistram
957 2269 1167 2349 progreditur;
1201 2269 1367 2332 inauribus

193 2379 304 2436 ornata
327 2381 383 2436 cst.

284 2481 419 2543 Londin.
444 2483 480 2542 Ε.
499 2480 539 2543 51
565 2480 654 2559 (820)
663 2475 687 2559 ⁴)
710 2481 755 2558 (in
771 2481 919 2543 interiore
942 2481 1055 2560 parte):
1081 2480 1162 2542 duae
1179 2485 1366 2556 Amazones,

194 2587 372 2667 Hippolyte
396 2588 514 2665 (inser.)
538 2588 695 2649 Graecum
718 2588 752 2648 in
775 2587 909 2648 modum
933 2590 1056 2647 armata
1078 2591 1110 2648 ct
1125 2589 1227 2650 Thero
1250 2589 1369 2666 (inser.)

195 2693 343 2772 Scythica
365 2699 451 2755 veste
474 2693 617 2773 praedita
639 2694 680 2754 ad
704 2694 864 2756 sinistram
888 2713 953 2754 una
976 2692 1016 2753 ab
1037 2692 1167 2755 alterius
1181 2693 1280 2755 latere
1303 2714 1367 2755 cur·

150 2807 153 2811 “
195 2803 278 2860 runt.
327 2799 374 2858 De
397 2800 467 2861 aliis
491 2800 623 2880 picturis
647 2800 686 2860 cf.
704 2818 809 2879 supra,
826 2819 857 2878 p.
883 2797 935 2870 30,
959 2799 1052 2872 infra,
1076 2819 1108 2877 p.
1123 2795 1174 2858 74.

284 2905 406 2965 Monac.
433 2901 511 2966 273:
536 2905 660 2984 pictura
682 2905 717 2966 in
732 2905 878 2966 interiore
901 2910 991 2984 parte
1007 2908 1067 2965 est:
1096 2906 1239 2965 Amazon
1255 2904 1368 2980 bracis

196 3014 282 3071 veste
299 3010 469 3084 manicata,
486 3011 591 3084 mitra,
609 3010 757 3090 pharetra
771 3010 927 3072 instructa
942 3015 974 3071 et
989 3010 1100 3071 dextra
1112 3030 1254 3076 securem
1267 3012 1341 3073 subl
1360 3047 1370 3056 ·

197 3122 275 3190 tam,
300 3136 410 3177 arcum
433 3117 560 3178 sinistra
582 3121 693 3179 tenens
715 3116 847 3178 incurva
868 3116 1075 3196 progreditur.

197 3359 266 3413 oculi
296 3358 366 3413 enim
394 3375 449 3417 non
478 3361 549 3413 recte
573 3356 701 3413 delineati
724 3360 794 3425 sunt,
823 3373 985 3428 quamquam
1009 3357 1035 3412 in
1055 3357 1152 3413 ceteris
1169 3358 1252 3415 rebus
1271 3359 1371 3430 figurae

198 3446 329 3503 liberioris
347 3447 413 3501 artis
432 3450 500 3501 sunt.

271 3535 291 3603 ¹)
310 3534 378 3590 Bull.
400 3534 462 3590 dell'
481 3535 557 3603 Inst,
577 3535 654 3601 1875,
676 3534 735 3587 131.

268 3626 289 3693 ²)
308 3623 410 3679 Mitteil.
444 3624 469 3679 d.
506 3625 580 3679 arch.
608 3624 682 3690 lust,
709 3626 774 3676 rom.
803 3621 961 3691 Abteilung,
992 3623 1075 3687 1887,
1103 3640 1130 3693 p.
1163 3627 1228 3692 168,
1266 3642 1310 3681 no.
1341 3629 1371 3694 53

197 3712 284 3780 Klein,
313 3711 418 3768 Griech.
438 3711 527 3768 Vasen
550 3712 599 3766 mit
622 3710 870 3780 hieblingsinschr,
898 3726 924 3780 p.
943 3711 986 3766 53.
1033 3711 1087 3767 Vas
1115 3729 1186 3768 nunc
1208 3713 1372 3770 Baltimorae

198 3804 333 3857 servatum
351 3803 401 3855 est.

269 3890 293 3956 1)
311 3888 431 3944 Durandi
456 3889 521 3955 352;
553 3887 658 3942 Wiener
676 3885 917 3957 Vorlegeblaetter,
946 3887 979 3955 D,
1007 3887 1063 3942 tab.
1084 3889 1115 3953 73
1147 3888 1236 3958 Klein,
1265 3890 1370 3947 Griech.

200 3978 289 4034 Vasen
308 3977 357 4033 mit
375 3977 648 4047 Meistcrsignaturen,
666 3992 693 4045 p.
713 3976 773 4043 126,
792 3990 836 4029 no.
856 3976 879 4030 6.

272 4068 292 4134 ⁸)
312 4066 509 4120 Durano1293.
